3010 4430
223 190 266 256 80
659 207 812 256 coenatu
829 207 937 253 nactur
1015 220 1020 230 ·

221 378 342 462 ignoti:
373 376 589 441 vindicabitis
613 395 685 455 vos
710 377 738 439 si
763 393 816 440 me
832 375 1060 458 potiusquam
1080 374 1249 440 fortunam
1265 391 1379 438 meam

222 483 396 549 fovebatis,
435 479 608 546 Ostendite
634 480 759 562 populo
790 481 942 562 Romano
974 481 1042 544 divi
1071 479 1212 560 Augusti
1242 484 1381 558 neptem

223 588 431 670 eandemque
449 585 623 666 coniugem
647 603 766 663 meam,
796 590 972 650 numerate
997 603 1056 650 sex
1080 584 1214 650 liberos.
1246 581 1382 647 Miseri-

223 691 340 757 cordia
365 708 440 754 cum
457 689 696 755 accusantibus
721 690 792 767 crit,
822 688 1088 772 fingentibusque
1114 688 1257 754 scelesta
1280 705 1382 751 man·

179 795 304 867 rodata
321 800 463 858 autnon
480 793 788 858 credenthomines
813 799 872 858 aut
895 811 964 858 non
994 791 1188 875 ignoscent!
1219 791 1383 856 iuravere

222 901 322 966 amici
339 899 493 964 dextram
508 899 683 965 morientis
711 899 954 980 contingentes
983 899 1136 980 spiritum
1167 903 1245 962 ante
1275 913 1383 979 quam

223 1004 383 1069 ultionem
407 1003 598 1068 amissuros.
677 1025 681 1034 ’

328 1141 377 1206 72.
397 1141 481 1206 Tum
498 1141 540 1206 ad
558 1159 699 1206 uxorem
715 1159 833 1206 versus
849 1158 909 1221 per
925 1140 1122 1205 memoriam
1140 1141 1201 1218 sui,
1217 1157 1385 1221 percom-

225 1264 342 1310 munes
373 1244 499 1310 liberos
530 1245 651 1323 oravit,
684 1251 821 1309 exueret
845 1243 1017 1323 ferociam,
1032 1244 1196 1308 saevienti
1220 1242 1384 1310 fortunae

224 1348 436 1414 submitteret
453 1349 610 1428 animum,
636 1367 701 1414 neu
716 1365 870 1430 regressa
884 1349 919 1411 in
934 1347 1052 1412 urbem
1078 1347 1303 1412 aemulatione
1320 1365 1384 1428 po-

222 1454 349 1518 tentiae
365 1452 548 1517 validiores
564 1453 728 1517 inritaret.
752 1452 843 1517 Haec
868 1451 980 1532 palam
1005 1457 1038 1516 et
1062 1451 1130 1516 alia
1155 1457 1294 1528 secreto,
1317 1470 1385 1532 per

198 1571 312 1638 oquae
329 1557 517 1621 ostendisse
532 1555 737 1621 credebatur
753 1562 878 1620 metum
895 1573 937 1619 ex
961 1555 1107 1622 Tiberio.
1131 1553 1246 1637 Neque
1271 1554 1385 1619 multo

226 1666 301 1741 post
317 1661 530 1742 extinguitur,
555 1662 682 1742 ingenti
698 1661 790 1726 luctu
805 1662 1001 1744 provinciae
1017 1667 1050 1726 et
1066 1660 1383 1725 circumiacentium

225 1765 433 1847 populorum.
466 1765 643 1831 indoluere
668 1771 806 1832 exterae
822 1767 976 1831 nationes
992 1783 1171 1849 regesque:
1203 1770 1299 1830 tanta
1331 1765 1384 1830 illi

225 1870 367 1934 comitas
383 1869 418 1932 in
434 1871 555 1951 socios,
571 1869 795 1936 mansuetudo
822 1871 857 1934 in
881 1871 1007 1951 hostis;
1036 1869 1183 1952 visuque
1203 1875 1236 1934 et
1260 1869 1383 1934 auditu

226 1975 321 2038 iuxta
335 1974 546 2052 venerabilis
572 1993 647 2039 cum
664 1974 927 2056 magnitudinem
945 1980 978 2041 et
1002 1974 1201 2054 gravitatem
1226 1992 1385 2040 summae

184 2091 216 2144 ro
227 2075 381 2142 fortunae
398 2080 566 2156 retineret,
582 2078 744 2142 invidiam
760 2084 793 2142 et
809 2078 1044 2158 adrogantiam
1061 2077 1230 2158 effugerat.

331 2214 380 2279 73.
404 2215 516 2279 Funus
532 2217 604 2281 sine
619 2214 822 2296 imaginibus
838 2220 870 2280 et
895 2233 1018 2296 pompa
1042 2232 1102 2295 per
1117 2215 1234 2280 laudes
1251 2233 1291 2279 ac
1306 2233 1383 2281 me-

226 2318 370 2381 moriam
386 2319 548 2383 virtutum
573 2320 645 2383 eius
670 2318 803 2384 celebre
833 2317 902 2383 fuit.
940 2319 981 2382 Et
1012 2324 1109 2384 erant
1139 2319 1196 2401 qui
1226 2317 1385 2397 formam,

228 2426 384 2500 aetatem,
408 2441 511 2503 genus
527 2424 646 2488 mortis
663 2423 706 2487 ob
722 2423 1007 2506 propinquitatem
1033 2424 1136 2488 etiam
1159 2423 1318 2502 locorum,
1346 2424 1383 2488 in

227 2525 349 2608 quibus
365 2527 500 2608 interiit,
516 2529 627 2609 magni
642 2528 825 2594 Alexandri
851 2528 929 2593 fatis
955 2530 1195 2612 adaequarent.
1216 2527 1302 2593 Nam
1326 2536 1383 2594 ut-

199 2649 367 2714 5rumque
386 2650 528 2713 corpore
545 2633 679 2714 decoro,
695 2652 817 2716 genere
832 2634 962 2716 insigni,
978 2633 1068 2698 haud
1084 2633 1225 2697 multum
1241 2632 1385 2714 triginta

227 2755 335 2801 annos
352 2754 529 2818 egressum,
546 2757 682 2802 suorum
708 2739 838 2803 insidiis
850 2743 1014 2816 ¹externas
1035 2737 1123 2802 inter
1147 2742 1263 2818 gentes
1287 2738 1382 2804 occi-

228 2840 334 2905 disse:
366 2842 423 2906 sed
454 2842 543 2907 hunc
558 2843 674 2908 mitem
690 2860 769 2924 erga
794 2842 931 2921 amicos,
959 2841 1127 2906 modicum
1157 2839 1383 2922 voluptatum,

226 2962 294 3009 uno
311 2946 535 3025 matrimonio,
561 2947 661 3011 certis
686 2945 801 3010 liberis
825 2947 941 3028 egisse,
965 2963 1074 3027 neque
1098 2944 1208 3009 minus
1233 2945 1380 3026 proelia·

226 3053 343 3128 torem,
352 3050 454 3113 etiam
471 3050 499 3114 si
515 3051 689 3114 temeritas
705 3049 828 3114 afuerit
842 3049 1125 3132 praepeditusque
1144 3049 1187 3114 sit
1206 3049 1381 3130 perculsas

185 3168 217 3221 10
227 3158 278 3216 tot
293 3153 443 3218 victoriis
460 3151 659 3218 Germanias
675 3154 812 3219 servitio
830 3170 992 3235 premere.
1015 3152 1112 3233 Quod
1138 3154 1166 3217 si
1182 3153 1274 3218 solus
1290 3153 1380 3218 arbi-

227 3260 277 3318 ter
293 3273 415 3337 rerum,
440 3258 468 3320 si
493 3259 565 3323 iure
582 3265 615 3322 et
630 3259 767 3325 nomine
791 3258 881 3340 regio
907 3256 1035 3338 fuisset,
1065 3262 1160 3322 tanto
1191 3259 1380 3340 promptius

228 3358 465 3424 adsecuturum
495 3360 636 3442 gloriam
660 3360 809 3442 militiae,
839 3367 1002 3444 quantum
1033 3360 1223 3442 clementia,
1253 3367 1382 3444 tempe·

226 3463 349 3543 rantia,
365 3465 486 3530 ceteris
501 3465 599 3530 bonis
625 3465 754 3531 artibus
778 3465 1009 3547 praestitisset.
1042 3463 1172 3546 Corpus
1196 3472 1381 3548 antequam

227 3573 433 3632 cremaretur
448 3569 611 3634 nudatum
627 3570 662 3635 in
677 3569 751 3634 foro
767 3568 1054 3648 Antiochensium,
1077 3569 1135 3651 qui
1159 3569 1254 3634 locus
1269 3571 1382 3652 sepul-

184 3685 217 3740 15
227 3677 324 3737 turae
341 3673 584 3754 destinabatur,
609 3674 849 3755 praetuleritne
865 3673 1018 3739 veneficii
1034 3674 1138 3756 signa,
1163 3691 1283 3754 parum
1299 3691 1383 3740 con·

227 3778 330 3855 stitit,
347 3795 427 3842 nam
442 3783 480 3841 ut
489 3779 563 3859 quis
573 3777 806 3842 misericordia
815 3778 851 3840 in
866 3775 1102 3843 Germanicum
1114 3783 1147 3842 et
1162 3785 1384 3861 praesumpta

229 3879 419 3958 suspicione
436 3887 494 3943 aut
510 3878 628 3944 favore
643 3881 677 3944 in
702 3879 859 3944 Pisonem
884 3881 1030 3960 pronior,
1061 3880 1186 3945 diversi
1215 3881 1384 3962 interpre-

228 3979 395 4046 tabantur.
