3010 4430
214 208 262 272 *56
662 225 814 272 connubii
830 223 938 272 rucrrr

222 397 296 473 sibi,
324 403 438 464 cetera
457 396 576 478 legatis
601 397 760 478 permisit.
784 397 912 476 Quibus
936 397 1039 478 plana
1057 402 1250 473 evenerant,
1276 394 1377 460 facile

223 502 400 581 inrupere:
427 502 501 584 quis
517 501 752 582 inpugnandus
770 520 878 582 agger,
904 508 941 565 ut
958 503 984 564 si
1000 521 1132 567 murum
1148 500 1379 580 succederent,

223 606 381 686 gravibus
399 623 542 686 superne
559 605 681 669 ictibus
698 604 995 670 conflictabantur.
1011 605 1124 672 Sensit
1138 604 1207 669 dux
1222 604 1378 683 inparem

224 710 410 774 comminus
426 727 571 792 pugnam
587 709 790 790 remotisque
816 709 952 790 paulum
979 708 1164 790 legionibus
1188 705 1379 772 funditores

182 814 462 898 rolibritoresque
478 821 635 880 excutere
653 813 721 877 tela
738 819 771 876 et
789 813 993 892 proturbare
1017 813 1148 878 hostem
1165 810 1266 876 iubet.
1295 809 1378 874 Mis-

223 936 282 983 sae
299 936 317 982 e
334 919 510 984 tormentis
526 919 654 997 hastae,
684 922 878 998 quantoque
905 917 1207 997 conspicuimagis
1233 933 1379 995 propug-

224 1029 370 1103 natores,
395 1029 490 1088 tanto
516 1021 667 1104 pluribus
692 1021 887 1088 vulneribus
917 1023 1047 1088 deiecti.
1086 1018 1218 1086 Primus
1249 1018 1379 1084 Caesar

224 1127 496 1208 cum'praeturiis
509 1125 705 1192 cohortibus
716 1132 815 1207 capto
832 1127 919 1191 vallo
937 1127 1029 1190 dedit
1039 1127 1200 1208 impetum
1210 1126 1245 1189 in
1255 1125 1378 1202 silvas;

224 1231 359 1294 conlato
377 1231 446 1294 illic
462 1231 566 1311 gradu
584 1237 759 1295 certatum.
780 1230 919 1295 Hostem
936 1249 957 1295 a
973 1237 1066 1311 tergo
1082 1230 1188 1311 palus,
1203 1230 1379 1294 Romanos

181 1349 213 1401 15
224 1333 348 1397 flumen
364 1341 424 1398 aut
440 1341 572 1398 montes
597 1334 817 1399 claudebant:
842 1335 994 1417 utrisque
1020 1333 1207 1399 necessitas
1232 1333 1378 1412 inlude,

224 1455 301 1516 spes
315 1437 349 1500 in
366 1438 498 1518 uirtute,
514 1437 606 1502 salus
623 1457 663 1502 ex
680 1439 830 1502 victoria.

329 1542 379 1607 21.
405 1541 473 1607 Nec
491 1543 598 1606 minor
615 1541 792 1608 Germanis
809 1543 949 1621 animus,
975 1543 1034 1607 sed
1051 1561 1172 1622 genere
1187 1561 1318 1624 pugnae
1343 1547 1379 1605 et

225 1663 397 1710 armorum
421 1645 680 1727 superabantur,
712 1664 787 1710 cum
821 1647 938 1726 ingens
969 1646 1147 1710 multitudo
1178 1647 1262 1710 artis
1292 1645 1379 1710 loeis

224 1749 424 1830 praelongas
440 1751 557 1813 hastas
573 1769 642 1814 non
659 1751 885 1830 protenderet,
901 1768 970 1813 non
986 1751 1169 1831 colligeret,
1188 1767 1297 1832 neque
1314 1749 1377 1814 ad-

224 1852 367 1917 sultibus
399 1859 430 1917 et
456 1853 635 1918 velocitate
662 1872 840 1933 corporum
865 1859 1023 1934 uteretur,
1056 1859 1177 1918 coacta
1193 1852 1315 1918 stabile
1332 1853 1378 1916 ad

196 1959 406 2040 sproclium3
432 1951 551 2044 contra
568 1959 672 2038 miles,
693 1960 747 2022 cui
764 1963 894 2023 scutum
911 1959 1041 2038 pectori
1058 1958 1256 2038 adpressum
1273 1963 1307 2021 et
1322 1957 1376 2020 in-

224 2062 336 2126 sidens
352 2063 473 2144 capulo
491 2082 619 2139 manus,
636 2063 723 2128 latos
739 2063 964 2127 barbarorum
982 2069 1084 2141 artus,
1101 2062 1264 2126 nudaora
1281 2059 1377 2125 fode-

224 2172 276 2231 ret
291 2167 446 2248 viamque
464 2173 574 2246 strage
590 2166 737 2230 hostium
754 2167 910 2247 aperiret,
921 2167 1114 2246 inprompto
1132 2166 1199 2230 iam
1210 2165 1380 2229 Arutiuio

225 2268 269 2331 ob
286 2271 447 2333 continua
464 2269 622 2348 pericula,
640 2269 710 2332 sive
727 2269 819 2332 illum
834 2288 953 2333 recens
972 2277 1149 2351 acceptum
1165 2269 1286 2333 vulnus
1303 2273 1376 2332 tar-

225 2370 375 2434 daverat.
401 2371 487 2450 Quin
503 2379 535 2436 et
551 2372 807 2452 Inguiomerum,
832 2379 904 2437 tota
921 2374 1119 2438 volitantem
1144 2373 1217 2437 acie
1240 2371 1380 2436 fortuna

184 2476 330 2556 romagis
347 2493 447 2556 quam
461 2477 569 2539 virtus
585 2475 770 2542 deserebat.
794 2476 833 2540 Et
858 2475 1078 2542 Germanicus
1094 2494 1160 2559 quo
1186 2477 1292 2557 magis
1317 2475 1378 2538 ad-

225 2572 451 2660 gnosceretur,
476 2581 672 2644 detraxerat
697 2581 842 2660 tegimen
857 2581 959 2662 capiti
976 2579 1163 2662 orabatque
1180 2580 1378 2644 insisterent

224 2683 403 2748 caedibus:
420 2685 467 2747 nil
484 2702 567 2764 opus
585 2683 735 2764 captivis,
757 2684 862 2748 solam
878 2684 1136 2748 internicionem
1152 2683 1259 2765 gentis
1276 2682 1378 2748 linem

223 2787 312 2852 bello
329 2786 408 2852 fore.
425 2787 560 2870 lamque
577 2807 653 2853 sero
669 2789 736 2852 diei
752 2787 908 2853 subducit
923 2805 964 2852 ex
980 2788 1053 2852 acie
1069 2787 1233 2868 legionem
1249 2785 1378 2852 lacien-

226 2893 277 2956 dis
294 2893 432 2956 castris:
456 2898 591 2957 ceterae
607 2892 650 2955 ad
667 2897 801 2956 noctem
817 2909 937 2956 cruore
953 2892 1098 2956 hostium
1125 2891 1270 2955 satiatae
1289 2898 1377 2956 sunt.

184 3014 216 3065 15
228 2995 363 3079 Equites
381 2996 537 3076 ambigue
554 3003 735 3060 certavere.
874 2993 876 2998 ’

334 3100 384 3164 22.
415 3099 575 3164 Laudatis
591 3118 652 3180 pro
670 3100 828 3164 contione
844 3098 1028 3164 victoribus
1044 3098 1170 3165 Caesar
1186 3101 1380 3181 congeriem

225 3221 394 3269 armorum
413 3204 542 3280 struxit,
568 3203 714 3285 superbo
731 3223 807 3269 cum
823 3203 937 3267 titulo:
968 3203 1147 3269 debellatis
1171 3204 1260 3269 inter
1285 3205 1378 3272 Rhe·

225 3326 303 3370 num
320 3307 497 3390 Albimque
511 3308 706 3373 nationibus
722 3309 906 3373 exercitum
933 3306 1058 3373 Tiberii
1075 3306 1287 3374 Caesarisse
1302 3328 1378 3374 mo-

225 3411 376 3474 nimenta
393 3409 491 3474 hlarti
507 3418 541 3475 et
557 3411 626 3476 lovi
644 3418 677 3477 ct
693 3409 843 3493 Augusto
860 3411 1058 3476 sacravisse.
1081 3411 1128 3476 De
1150 3430 1190 3476 se
1215 3412 1297 3477 nibil
1313 3413 1379 3478 ad-

196 3513 317 3594 edidit,
333 3520 424 3578 metu
449 3514 595 3578 invidiae
620 3532 664 3578 an
689 3521 783 3579 ratus
809 3517 1050 3581 conscientiam
1077 3514 1158 3581 facti
1184 3517 1267 3582 satis
1292 3534 1379 3584 esse.

224 3617 300 3682 Mox
317 3617 441 3682 bellum
458 3617 493 3681 in
509 3615 740 3699 Ampsivarios
757 3619 917 3684 Stertinio
933 3619 1081 3699 mandat,
1107 3619 1142 3684 ni
1168 3620 1377 3688 deditionem

222 3721 504 3804 properavissent.
528 3720 637 3804 Atque
668 3722 717 3785 illi
741 3722 908 3804 supplices
934 3722 1015 3786 nibil
1041 3721 1221 3788 abnuendo
1237 3726 1378 3792 veniam

225 3827 374 3889 omnium
390 3844 563 3907 accepere.

329 3927 378 3994 23.
403 3929 469 3996 Sed
486 3935 617 3996 aestate
633 3929 701 3994 iam
717 3929 832 3994 adulta
856 3929 1023 4011 legionum
1048 3929 1136 3996 aliae
1160 3932 1283 3998 itinere
1308 3941 1378 4002 ter·

225 4030 326 4092 restri
343 4031 377 4093 in
394 4033 614 4098 hibernacula
630 4033 809 4113 remissae;
834 4033 949 4114 plures
973 4031 1101 4099 Caesar
1125 4034 1225 4100 classi
1244 4036 1377 4118 inposi-
