3010 4430
187 205 229 268 36
625 219 777 264 0000000
793 219 901 265 000101

161 394 237 469 aiis,
263 410 346 475 quos
373 409 432 470 per
457 391 563 454 saltus
579 389 818 454 occultaverat.
851 391 1058 456 10000000
1084 391 1157 455 acie
1182 388 1338 454 turbatus

189 515 299 578 00000,
315 497 504 576 missaeque
520 494 745 559 subsidiariae
763 496 922 560 cohortes
939 501 971 560 et
988 495 1184 576 fugientium
1202 492 1335 574 agmine

189 600 352 682 impulsae
368 604 534 664 auxerant
550 599 875 677 consternationem
894 599 1180 680 trudebanturque
1193 598 1228 660 in
1244 596 1340 677 palu-

189 707 265 769 dem
281 724 420 786 gnaram
437 703 660 782 vincentibus,
676 703 826 785 iniquam
842 704 974 783 nesciis
994 703 1029 767 ni
1046 702 1172 767 Caesar
1196 702 1339 782 produc-

188 815 241 871 tas
257 808 404 890 legiones
419 807 649 871 instruxisset:
681 807 759 870 inde
775 807 928 871 hostibus
944 813 1064 886 terror,
1088 806 1210 870 fiducia
1227 805 1341 884 militi,

147 931 179 983 10
190 920 223 977 00
239 913 395 977 manibus
411 912 527 994 aequis
538 912 740 976 abscessum.
752 909 829 975 Mox
844 911 985 976 reducto
1003 913 1046 976 ad
1063 910 1226 975 Amisiam
1242 927 1339 974 exer-

190 1018 257 1079 citu
274 1017 421 1096 legiones
437 1015 556 1094 classe,
586 1021 622 1078 ut
647 1015 841 1095 advexerat,
870 1021 1040 1096 reportat3
1073 1033 1152 1096 pars
1187 1014 1336 1096 equitum

189 1122 287 1185 litore
304 1118 430 1184 Oceani
445 1125 560 1200 000000
576 1119 730 1184 Rhenum
746 1120 854 1198 iussa3
880 1118 1035 1200 Caecina,
1060 1120 1117 1202 001
1133 1139 1230 1183 00001
1249 1119 1338 1183 mili-

189 1234 256 1290 tem
273 1225 426 1305 ducebat,
450 1225 606 1303 monitus,
631 1243 835 1306 quamquam
868 1226 957 1289 notis
982 1225 1160 1290 itineribus
1185 1224 1338 1306 regrede,

189 1336 290 1408 retur,
314 1334 433 1410 pontes
458 1329 575 1408 longos
591 1347 692 1410 quam
708 1330 904 1394 maturrime
922 1347 1093 1410 superare.
1117 1326 1286 1408 Angustus
1312 1329 1343 1392 is

147 1451 179 1502 15
189 1440 314 1498 trames
330 1439 445 1498 vastas
461 1434 548 1496 inter
573 1433 711 1514 paludes
727 1437 760 1497 et
775 1433 946 1516 quondam
972 1452 993 1498 a
1023 1433 1055 1498 L.
1073 1432 1217 1496 Domitio
1243 1451 1342 1514 agge-

189 1543 292 1616 00000,
323 1543 436 1602 000000
460 1535 588 1614 1110000,
619 1537 754 1602 0000010
777 1537 870 1618 gravi
887 1555 993 1601 caeno
1011 1542 1068 1601 aut
1093 1537 1176 1600 rivis
1198 1537 1339 1604 incerta

190 1647 304 1720 erant:
333 1641 459 1706 circum
476 1640 580 1704 silvae
596 1640 759 1720 paulatim
775 1639 930 1720 adclives,
955 1657 1039 1723 quas
1063 1646 1136 1704 tum
1160 1639 1335 1704 Arminius

187 1745 333 1826 inplevit,
359 1746 566 1834 compendiis
581 1746 714 1809 viarum
731 1752 765 1808 00
790 1746 856 1809 0100
874 1746 1005 1826 agmine
1022 1751 1180 1810 onustum
1196 1745 1340 1810 sarcinis

190 1851 359 1933 armisque
375 1850 513 1914 militem
530 1868 606 1912 cum
622 1849 857 1914 antevenisset.
881 1848 1047 1914 Caecinae
1064 1849 1243 1928 dubitanti,
1257 1868 1342 1930 quo-

147 1973 269 2024 000000
284 1955 384 2020 modo
401 1961 517 2038 000000
529 1959 701 2046 uetustate
726 1960 846 2034 pontes
870 1960 1049 2036 reponeret
1075 1954 1238 2037 simulque
1263 1973 1343 2034 pro-

190 2059 496 2139 pulsarethostem,
512 2064 626 2123 castra
642 2059 763 2146 metari
778 2060 812 2122 10
828 2058 903 2123 1000
920 2059 1055 2140 placuit,
1081 2065 1118 2122 ut
1134 2077 1218 2140 opus
1235 2065 1268 2122 et
1285 2057 1342 2122 alii

190 2163 353 2241 proelium
373 2165 572 2246 inciperent.

295 2265 345 2329 64.
362 2265 505 2344 Barbari
520 2263 726 2347 perfringere
742 2267 906 2330 stationes
920 2284 1023 2347 00000
1049 2264 1173 2330 1010000
1190 2267 1339 2330 munito-

191 2370 284 2434 ribus
300 2370 366 2432 nisi
388 2369 567 2448 lacessunt,
591 2369 922 2450 circumgrediuntur,
948 2375 1147 2434 occursant:
1178 2370 1338 2437 miscetur

192 2475 405 2554 operantium
429 2473 693 2556 bellantiumque
717 2473 854 2540 clamor.
877 2473 917 2538 Et
933 2480 1055 2540 cuncta
1071 2476 1198 2555 pariter
1214 2475 1341 2540 Roma-

192 2580 244 2642 nis
259 2578 412 2656 adversa,
427 2576 521 2642 locus
537 2577 660 2659 uligine
676 2576 852 2658 profunda,
876 2578 964 2642 idem
980 2579 1024 2642 ad
1041 2579 1183 2658 gradum
1200 2579 1342 2644 instabi-

166 2682 241 2759 0110,
270 2681 531 2763 procedentibus
561 2681 718 2758 lubricus,
750 2700 895 2761 corpora
920 2683 1036 2763 gravia
1060 2682 1194 2762 loricis;
1231 2701 1341 2766 neque

194 2787 316 2852 librare
333 2786 401 2867 pila
424 2786 513 2850 inter
537 2787 645 2850 undas
670 2791 835 2866 poterant.
875 2784 1003 2850 Contra
1034 2783 1215 2852 Cheruscis
1246 2795 1345 2852 sueta

192 2890 280 2970 apud
296 2889 436 2971 paludes
452 2888 589 2970 proelia,
619 2907 762 2970 procera
786 2889 948 2968 membra,
977 2890 1097 2954 hastae
1130 2892 1282 2972 ingentes
1299 2893 1344 2956 ad

193 2994 333 3060 vulnera
348 2992 506 3058 facienda
520 2993 674 3076 quamvis
688 2992 814 3085 procul.
833 2991 907 3057 Nox
923 2993 1057 3058 demum
1067 2994 1263 3059 inclinantis
1273 2993 1343 3060 iam

192 3101 339 3182 legiones
355 3100 519 3165 adversae
536 3117 667 3181 pugnae
692 3101 825 3164 exemit,
848 3097 1009 3164 Germani
1034 3099 1078 3164 ob
1103 3118 1267 3181 prospera
1291 3101 1345 3163 in-

152 3204 326 3284 tudefessi,
341 3223 383 3268 00
399 3211 469 3269 tum
485 3205 619 3288 quidem
635 3210 769 3285 sumpta
784 3204 904 3286 quiete,
919 3211 1083 3287 quantum
1100 3222 1264 3287 aquarum
1274 3205 1342 3268 cir-

195 3327 270 3371 cum
286 3307 497 3388 surgentibus
513 3308 597 3389 iugis
614 3309 729 3387 oritur,
753 3313 884 3371 0000000
910 3307 945 3371 10
975 3306 1135 3387 subiecta,
1165 3324 1345 3390 mersaque

196 3412 297 3476 humo
314 3417 348 3476 et
361 3411 482 3476 obruto
499 3411 587 3494 quod
604 3409 758 3502 ellectum
774 3411 886 3492 operis
909 3411 1099 3491 duplicatus
1125 3411 1222 3475 militi
1238 3410 1347 3492 labor,

195 3516 511 3598 quadragensimum
526 3515 561 3579 id
576 3514 779 3596 stipendium
804 3513 950 3580 Caecina
965 3515 1108 3596 parendi
1126 3521 1184 3580 aut
1209 3515 1347 3594 imperi·

195 3621 290 3686 tandi
314 3620 471 3699 habebat,
501 3619 726 3708 secundarum
756 3618 1055 3703 ambiguarumque
1086 3637 1200 3684 rerum
1231 3619 1344 3684 sciens

154 3744 185 3796 0
197 3744 302 3808 00000
318 3724 499 3790 interritus.
515 3723 618 3806 lgitur
633 3722 747 3788 lutura
757 3722 895 3788 0010000
906 3742 974 3788 000
985 3725 1077 3789 aliud
1086 3725 1234 3808 repperit
1244 3742 1346 3806 quam

196 3836 233 3892 ut
249 3830 379 3896 hostem
394 3828 487 3894 011010
502 3829 685 3908 coerceret,
701 3827 809 3894 donec
819 3827 926 3892 saucii
936 3833 1164 3912 quantumque
1181 3827 1347 3910 gravioris

199 3931 339 4014 agminis
355 3932 541 4012 anteirent;
566 3949 646 3996 narn
664 3931 775 3998 medio
791 3931 955 3996 montium
970 3938 1004 3996 et
1020 3932 1181 4013 paludum
1197 3932 1346 4014 porrige-

198 4038 297 4117 batur
314 4035 479 4118 planities
495 4053 583 4124 quae
599 4042 733 4120 tenuem
750 4036 858 4102 aciem
875 4041 1057 4116 pateretur.
1089 4035 1284 4116 Deliguntur
1300 4034 1347 4132 le-
