3010 4430
400 1055 778 1155 CORNELII
823 1050 1084 1156 TAOITI

517 1249 562 1314 AB
576 1247 717 1316 nidisti}
732 1247 801 1314 lilvl
817 1247 958 1316 AUGUSTI

661 1417 765 1472 ursan
775 1418 819 1472 111.

572 1745 897 1822 BREVIARIUM.

243 1928 316 2011 Cap.
333 1932 360 1992 1.
383 1927 550 2012 Agrippina
572 1952 644 1994 cum
668 1952 747 1996 urna
769 1935 855 1995 ferali
880 1933 1078 1995 Brundisium
1102 1933 1226 2012 adpellit
1250 1951 1334 2012 mag-

136 2054 241 2114 noque
265 2037 392 2116 planctu
416 2037 532 2117 passim
556 2038 715 2117 excipitur.
769 2040 797 2098 2.
819 2039 963 2100 funerum
987 2038 1154 2099 sollemnia
1186 2038 1335 2116 primores

135 2140 223 2201 urbis
241 2141 329 2202 obvii.
398 2140 428 2206 3.
452 2140 590 2202 Tiberius
607 2148 637 2204 et
662 2139 804 2222 Augusta
828 2143 951 2222 publico
976 2141 1138 2217 abstinent,
1168 2141 1240 2200 item
1272 2137 1334 2200 An-

135 2244 230 2305 tonia.
311 2244 341 2307 4.
378 2244 526 2324 reliquiae
556 2248 677 2307 tumulo
714 2243 848 2334 Augusti
884 2247 996 2308 inlatae
1026 2245 1185 2325 publicum
1215 2244 1335 2304 luctum

135 2347 284 2426 variaque
298 2348 456 2410 hominum
471 2349 574 2409 studia
588 2357 789 2412 commovent.
843 2351 871 2412 5.
895 2350 1034 2412 Tiberius
1051 2356 1227 2429 comparata
1242 2347 1335 2408 Drusi

136 2453 233 2532 patris
249 2472 360 2534 pompa
375 2454 496 2515 lunebri
520 2473 631 2534 parcus
656 2456 742 2516 visus
767 2455 1001 2517 inhonorando
1027 2453 1197 2516 Germanici
1220 2455 1334 2515 sunere.

136 2558 166 2618 6.
189 2563 317 2618 excusat
341 2576 375 2618 so
399 2563 429 2619 et
459 2558 609 2638 populum
637 2559 736 2620 edicto
767 2560 862 2638 erigit.
938 2563 965 2621 7.
996 2560 1148 2621 iustitium
1178 2558 1335 2618 omissum.

136 2658 260 2720 Drusus
290 2660 328 2720 ad
358 2660 496 2740 Illyricos
526 2663 680 2724 exercitus
711 2663 781 2724 abit.
848 2664 877 2724 8.
899 2663 970 2725 Piso
999 2663 1038 2723 ad
1063 2661 1199 2722 Drusum
1229 2661 1335 2740 pergit.

136 2765 165 2825 9.
189 2763 260 2826 inde
275 2763 404 2824 Romam
419 2765 513 2826 alacri
529 2767 639 2828 animo.
708 2766 757 2828 10.
780 2786 853 2827 mox
877 2773 1051 2827 accusatur.
1088 2764 1235 2844 Princeps
1261 2783 1334 2825 cau-

136 2887 204 2928 sam
219 2867 257 2927 ad
274 2874 377 2947 patres
393 2869 526 2930 remittit.
595 2871 644 2933 11.
668 2871 791 2949 patroni
806 2889 858 2931 reo
875 2871 989 2950 petenti
1006 2868 1145 2949 quaesiti.
1213 2869 1262 2928 12.
1285 2866 1335 2946 Τίε

137 2973 213 3033 borii
229 2971 327 3032 oratio
351 2972 390 3032 ad
413 2978 524 3052 patres.
586 2973 642 3034 13.
665 2981 883 3036 accusatorum
907 2974 1142 3035 criminationes.
1212 2970 1260 3032 14.
1283 2988 1335 3031 eas

137 3075 216 3135 male
231 3093 304 3135 reus
327 3075 424 3139 diluit.
447 3077 530 3157 haud
545 3079 634 3157 proni
649 3080 679 3139 in
695 3097 766 3139 eum
795 3079 921 3155 iudices,
944 3078 1079 3158 populus
1104 3075 1337 3136 offensissimus.

140 3181 189 3242 15.
210 3181 356 3242 Plancina
380 3201 506 3243 oausam
530 3202 620 3244 suam
643 3173 798 3244 dissociat.
833 3181 955 3244 Pisonis
986 3200 1078 3245 mors.
1146 3182 1195 3242 16.
1218 3181 1255 3241 ad
1286 3178 1337 3239 Ti-

139 3286 257 3347 berium
286 3286 425 3350 codicilli.
506 3288 556 3348 17.
577 3286 648 3349 Piso
679 3287 762 3348 lilius
793 3287 972 3361 absolvitur,
1000 3285 1147 3347 Plancina
1177 3282 1336 3363 Augustae

140 3390 281 3468 precibus
296 3391 498 3452 condonatur.
565 3391 614 3452 18.
637 3392 803 3452 sententias
822 3391 853 3452 in
876 3390 1019 3451 Pisonem
1043 3389 1186 3470 princeps
1210 3389 1336 3465 mitigat.

140 3493 273 3556 adulatio
302 3495 515 3575 intempestiva
546 3513 618 3554 cum
648 3491 768 3554 Claudii
798 3494 954 3575 despectu.
1022 3495 1070 3554 19.
1103 3491 1196 3553 Drusi
1226 3490 1336 3550 ovatio.

141 3595 283 3677 Vipsania
306 3599 445 3659 moritur.
512 3597 562 3660 20.
585 3597 760 3659 Tacfarinas
784 3599 900 3660 bellum
923 3599 954 3659 in
978 3594 1082 3658 Africa
1106 3600 1241 3657 renovat.
1287 3594 1337 3655 21.

143 3698 172 3759 id
186 3698 312 3781 Apronii
327 3702 487 3762 severitate
503 3701 694 3780 opprimitur.
748 3703 798 3763 22.
821 3701 934 3781 Lepida
949 3700 1102 3780 suppositi
1117 3704 1233 3779 partus,
1249 3697 1337 3758 adul·
1388 3741 1390 3744 -

144 3805 216 3880 terii,
239 3805 376 3866 veneficii
400 3811 573 3868 accusatur.
641 3805 691 3866 23.
716 3805 836 3867 Tiberio
860 3805 1004 3885 perplexe
1029 3808 1137 3881 agente
1162 3801 1337 3861 damnatur.

146 3907 192 3969 24.
212 3908 334 3971 Silanus
352 3910 433 3970 exilii
447 3910 566 3970 veniam
582 3911 731 3990 impetrat.
800 3911 849 3970 25.
881 3910 919 3969 de
941 3907 1128 3969 moderanda
1151 3906 1215 3984 lege
1243 3904 1338 3984 Papia

146 4007 289 4092 Poppaea,
319 4013 357 4073 de
386 4012 583 4074 delatoribus.
667 4013 716 4075 26.
755 4015 805 4078 27,
823 4030 972 4074 excursus
1013 4010 1050 4069 de
1080 4009 1196 4087 origine
1226 4008 1336 4086 legum,
