3010 4430
392 1063 770 1164 CORNELII
814 1064 1075 1166 TAOITI

508 1257 707 1326 1111111111
722 1259 791 1325 uu
806 1257 947 1327 rususu

521 1367 524 1373 Ι
661 1427 764 1484 LIBER
782 1430 802 1482 l.

562 1759 886 1836 BREVIARIUM.

25 2023 26 2034 ἶ
236 1943 307 2025 Cap.
333 1949 361 2013 1.
377 1947 544 2009 Praelatio:
560 1950 604 2010 rei
612 1949 768 2010 Romanae
779 1956 878 2010 status
889 1957 957 2013 ante
966 1951 1173 2030 principatum
1182 1947 1329 2028 Augusti.

27 2121 28 2139 3
133 2049 235 2126 operis
249 2052 448 2130 propositum.
508 2053 535 2113 2.
565 2049 698 2131 Augusti
714 2059 795 2114 artes
812 2059 841 2114 et
856 2054 905 2116 via
921 2054 959 2115 ad
975 2054 1145 2132 imperium.
1192 2055 1221 2114 3.
1250 2058 1327 2116 varii

133 2153 171 2212 ab
186 2171 222 2214 eo
238 2153 380 2216 destinati
395 2175 600 2220 successores.
658 2157 688 2219 4.
710 2163 811 2219 status
827 2177 930 2220 rerum
945 2164 975 2219 et
990 2158 1118 2220 effeetus
1135 2157 1251 2220 civium
1267 2161 1326 2220 sub

132 2253 281 2337 Augusto.
310 2260 424 2321 iudicia
456 2261 494 2322 de
518 2263 760 2324 suecessoribus.
800 2263 847 2324 ¹5.
881 2263 1007 2324 morbus
1031 2260 1164 2342 Augusti
1189 2269 1219 2324 et
1243 2283 1328 2325 mors

30 2378 35 2397 ·
133 2361 239 2425 celata.
255 2364 372 2424 accitus
388 2363 427 2424 ad
441 2365 667 2427 successionem
688 2365 837 2432 Tiberius.
882 2367 910 2428 6.
934 2367 1042 2428 caedes
1057 2366 1196 2428 Postumi
1216 2362 1328 2447 Agrip·

32 2514 36 2549 =
132 2485 197 2544 pau
251 2469 278 2529 7.
300 2465 399 2530 Roma
412 2487 510 2548 prona
526 2471 556 2530 in
571 2472 758 2532 servitutem.
773 2473 909 2533 iuratum
933 2472 964 2532 in
979 2471 1072 2532 verha
1087 2470 1158 2532 novi
1173 2470 1328 2552 principis.

131 2570 200 2629 sius
215 2571 324 2632 callida
338 2573 558 2651 tergiversatio.
604 2575 634 2640 8,
658 2572 791 2652 Augusti
806 2581 1022 2636 testamentum
1037 2581 1067 2636 et
1076 2575 1209 2636 honores
1227 2575 1328 2635 eximii

132 2676 163 2734 in
179 2675 293 2736 lunere.
337 2678 366 2737 9.
388 2675 426 2737 de
440 2673 581 2755 Augusto
598 2677 710 2740 iudicia
727 2679 759 2740 in
775 2685 939 2758 utramque
954 2684 1082 2758 partem.
1142 2677 1191 2738 10.
1215 2672 1329 2738 iudicia

132 2777 284 2858 sequiora.
341 2782 394 2841 11.
416 2779 555 2843 Tiberius
580 2781 741 2862 imperium
764 2783 894 2845 subdole
923 2782 1024 2843 renuit
1055 2787 1181 2861 urgente
1211 2787 1328 2842 senatu.

131 2883 331 2946 rationarium
345 2883 471 2966 imperii
517 2887 566 2947 12.
586 2883 693 2948 Asinio
708 2887 805 2948 iratus
821 2886 971 2964 Tiberius,
1015 2885 1066 2947 13.
1080 2904 1153 2946 mox
1169 2882 1328 2959 Arruntio,

132 2987 266 3066 Haterio,
290 2987 417 3056 Scauro.
471 2989 521 3050 14.
543 2997 670 3052 senatus
694 2990 828 3052 adulatio
852 2992 883 3052 in
908 2989 1032 3065 Liviam,
1058 3009 1076 3049 a
1100 2989 1226 3050 Tiberio
1252 2996 1328 3049 tem·

37 3134 41 3149 .
132 3100 244 3171 perata.
298 3094 347 3155 15.
369 3094 491 3156 comitia
506 3115 523 3156 e
538 3114 646 3176 eampo
662 3096 700 3157 ad
723 3102 827 3174 patres
851 3096 1011 3157 translata.
1036 3094 1101 3155 ludi
1125 3089 1327 3172 Augustales.

37 3236 41 3247 .
135 3196 186 3261 16,
224 3198 330 3259 seditio
359 3193 604 3260 Pannoniearum
633 3199 788 3278 legionum
816 3199 895 3265 11111,
927 3197 977 3260 111.
1007 3197 1080 3273 XV.,
1110 3216 1128 3258 a
1158 3196 1327 3260 Pescennio

131 3301 293 3368 concitata.
364 3304 414 3364 17.
444 3303 511 3363 eius
541 3303 705 3364 seditiosae
729 3301 897 3368 eontiones.
962 3303 1012 3362 18.
1048 3299 1186 3363 furentes
1218 3301 1328 3362 milites

131 3401 283 3466 moderari
297 3412 428 3466 conatus
452 3405 589 3468 Blaesus.
649 3407 698 3469 19.
718 3407 828 3485 legatio
853 3407 892 3467 ad
907 3406 1083 3486 prinoipem.
1144 3404 1197 3469 20.
1224 3422 1328 3464 reeru·

132 3510 229 3570 desoit
244 3510 362 3576 seditio.
422 3509 472 3571 21.
495 3509 623 3572 Blaesus
638 3511 753 3572 frustra
778 3510 935 3576 ohnititur.
995 3510 1046 3568 22.
1069 3507 1211 3568 1111111111
1228 3505 1327 3566 fallaci

132 3613 266 3702 facinore
281 3621 372 3676 auete
386 3615 504 3680 seditio.
544 3615 594 3675 23.
616 3613 745 3675 Blaesus
757 3632 853 3694 paene
870 3632 1048 3694 oppressus.
1064 3609 1179 3672 tribuni
1195 3610 1328 3670 militum

133 3723 162 3776 et
176 3719 349 3797 praelectus
365 3725 539 3780 castrorum
553 3718 643 3798 pulsi,
659 3720 799 3780 centurio
814 3717 951 3780 Lucilius
967 3734 1085 3778 caesus.
1138 3713 1188 3774 24.
1204 3711 1326 3774 Drusus

131 3822 273 3885 seditioni
296 3822 449 3884 sedandae
472 3823 587 3883 missus
617 3841 635 3883 a
665 3821 794 3883 Tiberio.
855 3821 905 3886 25.
929 3819 1050 3882 Drusus
1080 3818 1197 3879 litteras
1216 3814 1326 3877 Tinerii

41 3952 45 3989 ε
130 3925 249 4003 recitat,
308 3927 358 3988 26.
380 3927 511 3989 militum
524 3926 799 4006 postulatadiflert‚
814 3924 1106 3990 elamoreturbmur.
1152 3921 1202 3982 27.
1227 3918 1326 3981 aerior

132 4030 294 4107 tumultus,
310 4029 431 4094 Lentuli
444 4030 624 4111 perieulum.
683 4031 733 4092 28.
754 4030 847 4091 lunae
872 4027 1001 4090 delectio
1031 4025 1193 4088 seditiosos
1223 4031 1325 4098 terret,

182 4163 284 4208 ers-os.
298 4165 433 4218 nemum:
448 4164 648 4208 1111111111.
1255 4142 1270 4194 1
