3010 4430
405 273 409 280 ,
475 227 517 273 la
534 229 675 277 nxcassu
691 228 829 277 iucusrr
844 209 881 276 ll.
897 209 1012 277 5-10.
1251 213 1291 276 51

192 425 195 436 *
248 397 276 463 8.
300 399 437 482 lamque
453 400 570 466 classis
587 401 782 478 advenerat,
799 421 876 468 cum
892 403 1078 482 praemisso
1103 409 1292 468 commeatu

144 509 178 566 et
193 502 382 584 distributis
395 505 429 566 in
447 503 597 585 legiones
612 523 652 569 ac
668 506 780 568 socios
796 505 941 569 navibus
965 505 1102 584 fossam,
1128 507 1182 570 cui
1206 506 1291 571 Dru-

144 609 261 674 sianae
279 625 411 688 nomen,
438 608 607 688 ingressus
624 615 846 691 precatusque
871 609 1016 682 Drusum
1032 615 1172 690 patrem,
1196 617 1233 674 ut
1257 631 1293 675 sc

144 711 263 778 eadem
280 729 399 775 ausum
415 711 523 776 libens
545 712 765 795 placatusque
790 713 943 793 exemplo
969 731 1010 778 ac
1035 715 1198 779 memoria
1214 734 1293 779 con-

145 814 296 883 siliorum
313 820 413 897 atque
430 832 569 895 operum
585 817 726 894 iuvaret,
745 817 839 881 lacus
856 817 934 881 inde
951 821 984 880 et
1000 814 1172 882 Oceanum
1188 837 1293 901 usque
1319 837 1337 888 a

144 917 187 982 ad
203 918 367 982 Amisiam
382 915 505 982 llumeir
522 920 672 984 secunda
696 921 911 1000 navigatione
936 921 1138 1001 pervehitur.
1169 919 1293 986 Classis

144 1024 292 1088 Amisiae
309 1043 367 1090 ora
383 1024 502 1088 relicta
518 1024 615 1089 laevo
633 1042 741 1104 amne,
766 1031 982 1106 erratumque
999 1025 1033 1088 in
1050 1043 1099 1104 ec,
1118 1026 1208 1107 quod
1224 1045 1293 1090 nou

143 1127 299 1192 subvexit
328 1129 392 1193 out
416 1131 624 1210 transposuit
649 1129 789 1193 militem
814 1129 952 1194 dextras
977 1130 1012 1192 in
1028 1133 1137 1194 terras
1153 1129 1294 1197 iturum:

143 1232 190 1295 ita
207 1232 319 1312 plures
336 1233 408 1298 dics
425 1232 609 1297 efficiendis
634 1233 792 1312 pontibus
819 1233 998 1314 absumpti.
1031 1232 1071 1296 Et
1095 1225 1198 1316 eques
1223 1236 1293 1316 qui-

143 1336 221 1400 dern
238 1355 279 1401 ac
295 1337 445 1417 legiones
460 1338 570 1418 prima
586 1339 768 1417 aestuaria,
792 1338 941 1401 nondum
958 1337 1178 1402 adcrescente
1194 1339 1294 1415 unda,
1306 1357 1337 1408 10

143 1431 301 1520 intrepidi
335 1443 519 1509 transiere:
558 1448 765 1522 postremum
803 1441 1006 1507 auxiliorum
1038 1461 1157 1523 agmen
1194 1441 1292 1508 Bata—

142 1544 244 1632 vique
259 1544 292 1608 in
308 1551 405 1626 parte
423 1563 472 1625 ea,
497 1546 576 1610 dum
602 1547 767 1610 insultant
789 1548 886 1629 aquis
911 1552 1085 1629 artemque
1110 1548 1215 1611 nandi
1240 1567 1293 1612 os-

141 1657 284 1731 tentant,
309 1651 436 1717 turbati
463 1659 496 1716 et
521 1653 658 1735 quidam
683 1653 797 1717 hausti
813 1659 899 1718 sunt.
923 1650 1064 1717 Metanti
1080 1659 1194 1719 castra
1209 1653 1292 1720 Cae-

140 1757 211 1820 sari
236 1755 525 1838 Ampsivariorum
542 1755 686 1822 defectio
704 1775 724 1822 a
740 1764 833 1838 tergo
850 1759 1042 1822 nuntiatur:
1070 1759 1191 1821 missus
1216 1759 1293 1822 ilico

141 1859 326 1925 Stertinius
343 1880 419 1925 cum
436 1861 548 1944 equite
575 1868 607 1926 et
622 1867 796 1926 armatura
815 1860 882 1925 levi
898 1862 973 1942 igne
990 1868 1023 1925 et
1039 1861 1198 1925 caedibus
1215 1881 1290 1942 per-
1304 1881 1336 1932 15

141 1963 257 2028 fidiam
272 1965 362 2029 ultus
381 1973 439 2030 est.

247 2067 275 2132 9.
300 2068 439 2133 Flumen
455 2067 605 2150 Visurgis
616 2068 788 2133 Romanos
798 2065 1053 2150 Cheruscosque
1068 2066 1291 2131 interfluebat.

140 2171 220 2236 Eius
237 2174 273 2257 in,
287 2173 361 2254 ripa
377 2192 453 2237 cum
470 2173 591 2236 ceteris
607 2169 810 2253 primoribus
825 2169 996 2234 Arminius
1024 2171 1139 2234 adstiti
1156 2221 1163 2250 ‚
1187 2189 1291 2252 quae-

140 2278 275 2358 sitoque
292 2294 335 2341 an
351 2260 478 2344 Caesar
494 2276 652 2354 venisset,
677 2282 855 2358 postquam
884 2275 1004 2338 adesse
1020 2291 1217 2354 responsum
1234 2283 1293 2352 est,

139 2386 180 2444 ut
195 2380 312 2444 liceret
333 2400 408 2444 curn
433 2379 539 2445 fratre
563 2379 720 2462 conloqui
746 2380 865 2444 oravit.
903 2379 984 2443 Erat
1018 2379 1046 2442 is
1077 2379 1111 2440 in
1142 2379 1293 2442 exercitu

139 2491 365 2565 cognomento
383 2484 514 2562 Flavus,
539 2484 678 2565 insignis
702 2483 765 2549 fide
782 2489 815 2548 et
832 2484 957 2547 amisso
973 2501 1033 2563 per
1048 2481 1169 2546 vulnus
1194 2481 1292 2546 oculo
1319 2501 1337 2552 5

140 2590 261 2670 paucis
292 2594 371 2653 ante
397 2589 495 2652 annis
517 2588 601 2652 duce
627 2586 772 2652 Tiberio.
803 2587 886 2651 Tum
903 2587 1069 2668 permissu
1086 2586 1121 2623 **
1137 2603 1292 2665 progres-

139 2711 266 2776 susque
276 2693 442 2758 salutatur
454 2691 496 2756 ab
507 2691 677 2770 Armini03
694 2693 751 2774 qui
768 2693 890 2756 amotis
900 2688 1128 2771 stipatoribus
1144 2695 1181 2751 ut
1193 2689 1293 2768 sagit·

140 2799 224 2862 tarii
241 2803 359 2862 nostra
376 2815 436 2878 pro
453 2797 527 2877 ripa
543 2796 698 2876 dispositi
714 2795 938 2860 abscederent
954 2793 1111 2875 postulat,
1136 2797 1169 2855 et
1199 2796 1292 2872 post-

138 2920 244 2984 quam
273 2901 422 2982 digressi,
452 2901 540 2964 unde
565 2918 607 2964 ea
626 2899 824 2964 deformitas
849 2899 917 2964 oris
934 2899 1119 2977 interrogat
1144 2893 1316 2959 fratrem·

138 3005 202 3070 lllo
218 3005 330 3070 locum
355 3011 388 3070 et
405 3003 569 3086 proelium
593 3002 770 3082 referente,
793 3004 964 3086 quoduam
988 3000 1175 3083 praemium
1200 3016 1291 3064 recc—
1305 3016 1336 3067 10

138 3110 249 3190 pisset
264 3109 417 3191 exquirit.
441 3108 563 3173 Flavus
580 3113 680 3172 aucta
696 3109 873 3188 stipendia,
890 3112 1043 3189 torquem
1069 3111 1101 3167 et
1126 3120 1291 3166 coronam

138 3214 276 3295 aliaque
293 3212 453 3279 militaria
472 3214 562 3277 dona
578 3220 753 3291 memorat,
772 3212 939 3276 inridente
955 3208 1107 3273 Arminio
1124 3205 1206 3270 vilia
1221 3225 1293 3271 ser-

136 3319 214 3381 vitii
231 3318 346 3397 pretia.

249 3419 296 3489 to.
312 3421 407 3485 Exim
417 3421 541 3485 diversi
552 3420 738 3495 ordiuntur,
755 3417 809 3482 hic
820 3417 1084 3498 magnitudinem
1095 3416 1292 3488 Romanam,

137 3545 226 3608 opes
243 3524 398 3590 Caesaris
415 3531 448 3589 et
464 3525 561 3590 victis
577 3543 696 3606 graves
713 3540 849 3604 poenas,
874 3522 909 3585 in
925 3521 1128 3586 deditionem
1144 3514 1292 3580 venienti

137 3638 301 3714 paratam
332 3631 562 3710 clementiam;
589 3649 697 3712 neque
713 3629 888 3708 coniugem
914 3626 1067 3691 etlilium
1084 3625 1156 3688 eius
1189 3620 1292 3683 hosti-

133 3737 218 3802 liter
245 3735 379 3800 haberi:
410 3733 465 3818 ille
490 3733 542 3798 las
568 3734 706 3815 patriae,
731 3732 923 3797 libertatem
948 3731 1084 3806 avitam,
1108 3721 1292 3806 penetralis

134 3840 345 3906 Germaniae
361 3839 452 3918 deos,
476 3844 618 3902 matrem
634 3835 772 3918 precum
787 3837 936 3916 sociam;
961 3853 1003 3899 ne
1028 3830 1294 3914 propinquorum
1318 3843 1336 3894 5

134 3953 173 4011 et
193 3943 361 4022 adfinium,
380 3943 536 4025 denique
562 3943 669 4024 gentis
694 3958 775 4005 suae
802 3941 955 4006 desertor
973 3945 1005 4002 et
1024 3935 1176 4017 proditor
1192 3951 1294 4014 quarn

131 4052 328 4130 imperator
344 4067 418 4112 esse
435 4047 558 4112 mallet.
582 4045 748 4111 Paulatim
765 4046 843 4110 inde
860 4044 903 4108 ad
922 4043 1029 4124 iurgia
1055 4036 1203 4121 prolapsi
1227 4054 1293 4116 quo

1230 4157 1264 4209 l*
