3010 4430
249 264 294 328 84
659 273 813 323 conunmr
835 274 944 323 rturrr

250 452 393 518 liliorum
409 449 552 532 ingenia,
577 465 685 529 neque
699 446 743 512 ob
760 447 851 513 aliud
869 448 1082 531 interceptos
1107 470 1209 533 quam
1232 452 1313 535 quia
1336 470 1401 532 po-

251 556 365 638 pulum
380 555 571 621 Romanum
586 571 694 636 aequo
712 553 784 620 iure
803 554 981 634 complecti
998 555 1131 621 reddita
1155 556 1312 621 libertate
1327 556 1401 636 agi-

251 662 406 726 taverint.
430 659 499 724 Hos
513 658 604 739 vulgi
620 675 795 722 sermones
813 657 931 722 audita
954 678 1045 723 mors
1071 660 1157 724 adeo
1181 660 1340 738 incendit,
1365 667 1403 725 ut

207 770 329 835 toante
345 764 492 830 edictum
508 763 773 844 magistratuum,
798 767 877 826 ante
901 753 1250 828 senatusconsultum
1266 771 1402 845 sumpto

250 869 377 934 iustitio
408 868 646 933 desererentur
677 864 760 944 tora,
785 863 1024 931 clauderentur
1049 867 1178 933 domus.
1200 867 1333 932 Passim
1358 869 1402 933 si·

249 973 353 1039 lentla
363 978 396 1038 et
407 972 557 1054 gemitus,
573 968 656 1034 nihil
667 970 890 1050 compositum
900 969 935 1033 in
945 973 1225 1052 ostentationem;
1241 979 1275 1037 et
1285 991 1403 1054 quam·

248 1097 350 1162 quam
367 1094 476 1159 neque
492 1072 678 1155 insignibus
701 1072 885 1155 lugentium
910 1073 1130 1156 abstinerent,
1154 1075 1255 1141 altius
1280 1076 1403 1141 animis

248 1180 454 1246 maerebant.
492 1177 592 1244 Forte
622 1178 859 1260 negotiatores,
890 1179 1025 1243 vivente
1056 1179 1167 1243 adhuc
1198 1177 1403 1245 Germanico

208 1302 239 1355 15
249 1283 349 1351 Suria
364 1283 498 1366 egressi,
513 1281 657 1347 laetiora
672 1281 714 1349 de
729 1281 922 1347 valetudine
938 1283 1009 1347 eius
1026 1282 1177 1348 attulere.
1188 1282 1309 1348 Statim
1325 1301 1404 1349 cre·

247 1388 328 1467 dita,
345 1387 460 1453 statim
475 1386 612 1468 vulgata
627 1390 721 1449 sunt:
743 1391 782 1449 ut
797 1387 939 1469 quisque
954 1385 1084 1465 obvius,
1107 1387 1261 1470 quamvis
1276 1387 1403 1452 leviter

246 1492 363 1556 audita
379 1491 414 1555 in
430 1490 515 1554 alios
531 1495 633 1571 atque
643 1487 691 1552 illi
701 1489 735 1553 in
745 1489 857 1570 plures
867 1491 1040 1555 cumulata
1050 1491 1172 1573 gaudio
1182 1489 1404 1556 transferunt.

247 1595 396 1662 Cursant
410 1613 470 1676 per
484 1593 613 1670 urbem,
628 1593 810 1658 moliuntur
826 1595 1026 1675 templorum
1039 1595 1147 1675 fores3
1171 1595 1266 1661 iuvat
1281 1597 1403 1662 credu-

249 1700 379 1766 litatem
395 1716 464 1762 nox
482 1704 516 1763 et
530 1698 717 1778 promptior
742 1697 830 1762 inter
846 1697 1005 1763 tenebras
1022 1698 1222 1765 adfirmatio.
1245 1697 1315 1766 Nec
1341 1701 1404 1766 ob-

203 1805 334 1875 tostitit
350 1803 444 1870 falsis
460 1801 623 1879 Tiberius,
650 1800 758 1866 donec
780 1806 932 1882 tempore
957 1820 997 1867 ac
1022 1803 1133 1883 spatio
1159 1811 1405 1870 vanescerent:

247 1914 283 1973 et
297 1907 440 1989 populus
454 1905 552 1990 quasi
566 1923 700 1969 rursum
716 1909 869 1986 ereptum
885 1905 997 1971 acrius
1012 1905 1126 1972 doluit.

352 2011 404 2078 83.
428 2011 591 2090 Honores,
606 2016 644 2073 ut
658 2009 733 2092 quis
749 2027 867 2074 amore
883 2009 918 2073 in
937 2008 1175 2076 Germanicum
1191 1999 1405 2094 aut‘ingenio

245 2117 387 2197 validm,
410 2115 536 2197 reperti
555 2113 767 2196 decretique:
791 2119 828 2177 ut
852 2131 978 2178 nomen
1003 2115 1075 2179 eius
1100 2114 1224 2181 Saliari
1249 2116 1404 2180 carmine

248 2228 446 2298 caneretur;
478 2219 576 2285 sedes
591 2216 724 2282 curules
748 2218 964 2283 sacerdotum
989 2217 1222 2300 Augustalium
1246 2219 1329 2286 locis
1348 2240 1407 2285 su-

249 2343 374 2406 perque
391 2341 449 2389 eas
464 2339 632 2405 querceae
648 2338 794 2385 coronae
819 2326 1071 2405 statuerentur,
1102 2323 1200 2388 ludos
1230 2324 1406 2391 circenses

220 2427 380 2498 seburna
396 2425 520 2506 effigies
535 2424 693 2506 praeiret,
709 2442 793 2488 neve
809 2424 885 2506 quis
899 2425 1022 2491 flamen
1038 2433 1097 2491 aut
1116 2445 1222 2509 augur
1237 2428 1272 2492 in
1288 2428 1404 2494 locum

248 2529 442 2597 Germanici
458 2530 523 2594 nisi
538 2529 648 2610 gentis
670 2525 774 2592 Iuliae
798 2535 982 2594 crearetur·
1005 2529 1114 2596 Arcus
1138 2531 1245 2597 additi
1271 2532 1402 2598 Romae

248 2642 283 2700 et
298 2635 388 2717 apud
403 2635 512 2717 ripam
528 2633 637 2698 Rheni
660 2631 743 2696 etin
758 2637 872 2697 monte
888 2632 1009 2700 Suriae
1019 2634 1160 2715 Amano,
1175 2654 1252 2700 cum
1262 2636 1407 2718 inscrip-
1482 2675 1483 2680 κ

249 2740 341 2805 tione
357 2756 470 2804 rerum
495 2743 665 2818 gestarum
690 2754 731 2800 ac
756 2741 900 2801 mortem
926 2737 969 2802 ob
998 2756 1070 2802 rem
1096 2738 1265 2820 publicam
1281 2739 1406 2807 obisse.

249 2841 470 2924 Sepulchrum
486 2840 696 2918 Antiochiae,
718 2839 777 2903 ubi
792 2847 971 2919 crematus,
995 2841 1146 2908 tribunal
1170 2841 1403 2925 Epidaphnae,

205 2965 240 3017 to
249 2965 316 3030 quo
331 2948 367 3012 in
381 2945 456 3011 loco
472 2945 577 3010 vitam
592 2943 732 3008 linierat.
756 2941 953 3008 Statuarum
969 2944 1174 3025 locorumve,
1197 2946 1233 3011 in
1248 2947 1323 3030 quis
1340 2967 1400 3014 oo·

248 3052 382 3131 leretur,
406 3049 497 3114 haud
521 3047 622 3114 facile
638 3047 714 3130 quis
730 3065 906 3112 numerum
931 3048 1054 3114 inierit.
1092 3046 1177 3115 Cum
1207 3057 1407 3118 censeretur

246 3156 375 3238 clipeus
391 3173 475 3220 auro
491 3159 525 3219 et
540 3150 770 3233 magnitudine
786 3151 927 3232 insignis
942 3152 1030 3218 inter
1056 3160 1215 3220 auctores
1240 3154 1405 3238 eloquen-

249 3259 328 3339 tiae,
342 3257 556 3324 adseveravit
574 3255 730 3320 Tiberius
746 3254 882 3319 solitum
912 3273 1095 3338 paremque
1120 3259 1243 3322 ceteris
1268 3258 1405 3328 dicatu·
1480 3285 1481 3294 ¹

247 3381 339 3427 rum:
366 3379 476 3444 neque
492 3361 581 3425 enim
597 3358 824 3443 eloquentiam
841 3357 977 3424 fortuna
1001 3359 1158 3443 discerni,
1184 3367 1218 3426 et
1243 3361 1325 3426 satis
1351 3362 1406 3426 in·

207 3467 365 3547 inlustre,
390 3465 419 3530 si
434 3470 566 3530 veteres
582 3463 671 3529 inter
695 3463 878 3543 scriptores
903 3462 1097 3530 haberetur.
1129 3464 1291 3548 Equester
1317 3467 1404 3532 ordo

247 3557 602 3639 cuneum‘Germanici
618 3566 809 3648 appellavit,
833 3568 890 3649 qui
909 3567 1079 3635 iuniorum
1093 3568 1278 3648 dicebatur,
1303 3570 1403 3633 insti·
1479 3591 1480 3606 ¹

249 3675 379 3760 tuitque
394 3675 444 3739 uti
459 3679 592 3738 turmae
610 3669 720 3734 idibus
746 3669 835 3734 loliis
861 3671 1041 3753 imaginem
1066 3673 1138 3739 eius
1168 3678 1404 3757 sequerentur.

248 3780 416 3863 Pleraque
431 3780 586 3842 manent:
610 3773 779 3858 quaedam
794 3774 910 3838 statim
926 3777 1054 3841 omissa
1069 3782 1149 3841 sunt
1174 3782 1233 3842 aut
1248 3781 1404 3842 vetustas

250 3880 468 3948 oblitteravit.

356 3982 406 4048 84.
429 3979 585 4046 Ceterum
601 3979 730 4044 recenti
756 3978 865 4043 adhuc
889 3979 1060 4046 maestitia
1085 4000 1182 4046 soror
1206 3979 1404 4046 Germanioi

252 4087 357 4166 Livia,
379 4089 486 4163 nupta
500 4082 630 4161 Druso,
643 4082 727 4147 duos
751 4081 857 4146 virilis
872 4100 973 4147 sexus
989 4083 1086 4148 simul
1102 4085 1204 4149 enixa
1219 4087 1278 4152 est
1302 4082 1404 4164 Quod
1477 4109 1478 4112 ¹

232 4319 285 4395 ‘g-
