3010 4430
461 184 503 230 ue
519 183 660 231 excussu
676 182 813 231 nueusrr
829 165 851 246 l,
867 163 1007 230 33-37.
1270 169 1312 234 23

161 357 461 432 contaminaretur,
476 374 639 438 praeceps
656 357 817 421 tribunali
834 357 977 422 desiluit.
995 355 1233 438 Opposuerunt
1249 357 1358 428 ab-15

160 461 255 524 cunti
280 478 384 540 arma,
408 461 612 539 minitantes
639 463 672 524 ni
697 461 949 544 regrederetur3
974 468 1011 526 at
1034 460 1089 526 ille
1115 462 1314 526 moriturum

159 565 274 644 potius
291 582 393 648 quam
409 563 508 631 fidem
525 571 663 630 exueret
679 565 867 645 clamitans,
883 564 1009 630 ferrum
1023 585 1043 630 a
1059 566 1165 630 latere
1177 565 1313 646 diripuit

160 667 357 751 elatumque
372 667 548 734 deferebat
564 669 598 732 in
615 673 741 750 pectus,
765 669 800 732 ni
825 670 968 750 proximi
985 687 1143 751 prensam
1159 671 1314 734 dextram

160 772 197 834 vi
207 771 441 837 adtinuissent.
457 773 615 841 Extrema
626 779 660 837 et
675 772 878 854 conglobata
893 773 981 838 inter
997 791 1033 839 se
1049 792 1128 853 pars
1145 774 1314 840 contionis

163 892 216 956 ac,
237 876 293 939 vix
316 876 476 940 credibile
504 876 604 951 dictu,
631 876 769 960 quidam
795 875 916 958 singuli
941 877 1077 957 propius
1108 877 1313 956 incedentes,
1323 893 1360 948 ao

162 980 279 1046 feriret
294 980 537 1059 hortabantur;
562 987 596 1046 et
611 980 707 1046 miles
723 981 860 1046 nomine
876 978 1066 1046 Calusidius
1082 981 1235 1045 strictum
1250 981 1313 1046 ob-

160 1084 240 1151 tulit
255 1083 410 1165 gladium,
430 1084 544 1148 addito
561 1086 748 1150 acutiorem
764 1102 847 1149 esse.
870 1083 1015 1150 Saevum
1031 1086 1065 1149 id
1082 1083 1229 1169 malique
1243 1102 1314 1148 mo-

160 1190 209 1253 ris
234 1188 336 1254 etiam
361 1187 548 1252 furentibus
572 1189 691 1269 visum,
715 1206 755 1252 ac
781 1189 926 1268 spatium
941 1187 1013 1268 fuit,
1039 1208 1105 1272 quo
1122 1187 1247 1254 Caesar
1271 1187 1315 1252 ab

161 1292 283 1358 amicis
299 1293 333 1356 in
349 1292 606 1358 tabernaculum
622 1300 808 1373 raperetur.

268 1395 318 1462 36.
333 1395 567 1462 Consultatum
583 1397 631 1461 ibi
647 1398 688 1462 de
704 1398 871 1477 remedlo;
887 1399 1012 1463 etenim
1024 1397 1243 1462 nuntiabatur
1253 1415 1314 1477 pa-

162 1503 235 1566 rari
248 1501 384 1584 legatos,
401 1502 457 1585 qui
473 1503 679 1583 superiorem
696 1503 882 1567 exercitum
891 1502 934 1567 ad
945 1520 1084 1567 causam
1094 1503 1237 1567 eandem
1246 1507 1315 1565 tra-

161 1606 299 1670 herent:
325 1607 531 1673 destinatum
555 1607 687 1672 excidio
713 1606 875 1672 Ubiorum
900 1607 1070 1689 oppidum,
1101 1603 1317 1690 imbutasque

160 1711 290 1790 praeda
313 1731 435 1776 manus
451 1713 485 1776 in
503 1713 723 1793 direptionem
740 1711 925 1778 Galliarum
941 1720 1129 1795 erupturas¹
1162 1711 1314 1794 Augebat

160 1820 286 1880 metum
302 1835 426 1899 gnarus
443 1818 617 1883 Romanae
633 1819 808 1883 seditionis
825 1823 866 1896 et,
889 1820 918 1883 si
934 1820 1146 1884 omitteretur
1161 1819 1244 1898 ripa,
1260 1818 1342 1886 in·5

159 1938 305 1984 rasurus
331 1921 455 1987 hostis:
482 1928 518 1986 at
542 1921 571 1986 si
598 1922 724 1987 auxilia
740 1928 774 1987 et
788 1923 872 1987 socii
897 1923 1076 1988 adversum
1100 1922 1316 1987 abscedentis

154 2023 309 2104 »legiones
335 2031 557 2104 armarentur,
583 2026 680 2090 civile
697 2024 821 2090 bellum
837 2026 971 2106 suscipi.
1001 2026 1196 2090 Periculosa
1219 2043 1315 2090 seve-

144 2127 255 2206 ·ritaS,
281 2126 448 2208 flagitiosa
471 2129 621 2211 largitio:
646 2147 705 2194 seu
720 2129 804 2193 nihil
820 2129 916 2193 militi
933 2129 1003 2194 sive
1020 2129 1134 2193 omnia
1150 2128 1315 2193 concede·

158 2236 286 2308 rentur,
310 2232 346 2296 in
371 2234 510 2314 ancipiti
534 2251 589 2298 res
614 2232 760 2314 publica.
790 2232 892 2314 Igitur
916 2233 1077 2298 volutatis
1092 2234 1180 2298 inter
1198 2251 1234 2297 se
1259 2250 1312 2296 ra-

159 2334 310 2401 tionibus
326 2337 486 2417 placitum
503 2343 540 2402 ut
556 2337 720 2419 epistulae
737 2338 873 2402 nomine
888 2339 1049 2421 principis
1065 2337 1311 2402 scriberentur:
1325 2354 1358 2407 10

158 2440 357 2506 missionem
373 2443 446 2507 dari
461 2444 582 2508 vicena
598 2443 766 2523 stipendia
786 2444 923 2524 meritis,
940 2445 1154 2509 exauctorari
1164 2444 1222 2526 qui
1232 2460 1315 2508 sena

159 2545 249 2610 dena
266 2544 426 2612 fecissent
442 2565 482 2612 ac
498 2547 636 2612 retineri
653 2547 715 2613 sub
732 2547 854 2614 vexillo
870 2555 1060 2614 ceterorum
1079 2549 1234 2612 inmunes
1250 2546 1314 2609 nisi

160 2648 380 2729 propulsandi
411 2650 526 2728 hostis
557 2651 667 2732 legata
698 2669 786 2734 quae
817 2652 1008 2731 petiverant
1038 2650 1166 2715 exsolvi
1204 2649 1313 2729 dupli-

158 2753 307 2836 carique.
782 2831 784 2836 Ι

264 2856 315 2922 37.
332 2857 449 2948 Sensit
462 2858 558 2924 miles
574 2859 608 2922 in
625 2865 756 2938 tempus
772 2857 916 2922 conficta
935 2857 1116 2944 statimque
1141 2856 1314 2937 flagitavit.

161 2956 278 3024 Missio
294 2978 354 3041 per
370 2962 524 3028 tribunos
541 2968 739 3042 maturatur,
756 2961 887 3042 largitio
898 2960 1115 3026 dillerebatur
1125 2961 1160 3024 in
1169 2960 1313 3024 hiberna

162 3064 336 3147 cuiusque.
368 3064 443 3130 Non
469 3065 665 3130 abscessere
682 3065 835 3148 quintani
851 3064 1232 3147 duetvicensimanique,
1255 3063 1313 3127 do·

159 3184 224 3231 nec
249 3167 357 3233 isdem
382 3169 416 3232 in
442 3170 580 3234 aestivis
597 3176 773 3234 contracta
789 3188 831 3234 ex
847 3169 971 3234 viatico
987 3168 1173 3232 amicorum
1189 3166 1312 3246 ipsius-

160 3291 227 3355 que
243 3272 401 3340 Caesaris
425 3277 568 3356 pecunia
593 3275 849 3355 persolveretur.
874 3274 1022 3339 Primam
1039 3291 1080 3338 ac
1095 3273 1341 3339 vicensimamo

161 3376 313 3459 legiones
330 3375 479 3445 Caecina
494 3379 623 3461 legatus
638 3379 673 3442 in
689 3379 861 3443 civitatem
878 3378 1040 3444 Ubiorum
1059 3379 1202 3455 reduxit,
1225 3376 1314 3456 turpi

159 3481 302 3562 agmine,
328 3501 403 3546 cunr
428 3481 499 3547 fisci
525 3482 567 3546 de
592 3483 798 3560 imperatore
822 3483 912 3562 rapti
936 3483 1024 3546 inter
1049 3484 1143 3564 signa
1159 3484 1313 3562 interque

158 3583 294 3668 aquilas
323 3585 535 3650 veherentur.
566 3582 788 3650 Germanicus
818 3586 1026 3665 superiorem
1056 3586 1098 3650 ad
1129 3583 1313 3651 exercitum

160 3686 332 3768 profectus
349 3689 533 3753 secundam
549 3693 583 3754 et
599 3690 734 3753 tertiam
751 3687 927 3752 decumam
943 3694 977 3753 et
992 3695 1122 3753 sextam
1138 3689 1313 3752 decumam

160 3790 310 3875 legiones
334 3793 416 3857 nihil
433 3797 612 3857 cunctatas
629 3796 844 3858 sacramento
860 3792 971 3873 adigit.
1005 3791 1310 3872 Quartadecumani
1327 3808 1357 3860 ro

161 3897 298 3978 paulum
323 3897 580 3965 dubitaverant:
606 3899 750 3979 pecunia
775 3902 809 3962 et
833 3897 949 3962 missio
966 3898 1119 3981 quamvis
1135 3914 1203 3960 non
1219 3895 1311 3978 flagi-

160 4001 315 4068 tantibus
331 4001 447 4068 oblata
463 4009 521 4068 est.
