3010 4430
224 209 268 274 64
654 225 808 274 coaunnn
831 227 938 274 rucrrr

200 399 301 469 5Nec
318 417 401 464 sane
417 399 492 464 ideo
519 417 540 463 a
560 403 743 467 maioribus
768 419 966 467 concessum
986 409 1037 465 est
1055 401 1167 482 egredi
1196 398 1377 481 aliquando

226 504 427 568 relationem
445 511 477 568 et
493 507 583 588 quod
595 508 629 570 in
640 523 817 572 commune
828 505 996 570 conducat
1005 504 1081 570 loco
1092 503 1282 570 sentcntiae
1297 521 1376 584 pro-

225 607 324 688 ferre,
339 614 376 672 ut
390 608 523 689 privata
539 611 673 691 negotia
690 616 722 674 et
738 627 793 674 res
809 607 993 674 familiares
1013 613 1147 672 nostras
1172 606 1227 670 hic
1252 624 1378 688 augea-

224 730 307 789 mus
324 731 400 776 cum
416 712 544 777 invidia
560 720 698 778 senatus
715 719 748 778 et
773 713 971 794 principum,
1002 713 1074 776 sive
1089 711 1291 775 indulserint
1307 710 1378 774 lar-

226 817 384 898 gitionem
400 817 471 880 sive
489 817 679 882 abnuerint.
716 816 792 881 Non
818 817 907 881 enim
933 833 1050 896 preces
1082 822 1159 879 sunt
1190 814 1288 892 istud,
1318 815 1379 880 sed

181 937 216 992 10
227 919 430 1001 efflagitatio,
455 922 692 1002 intempestiva
708 921 843 1004 quidem
861 928 894 985 et
918 921 1097 1002 inprovisa,
1129 939 1205 984 cum
1236 919 1311 983 aliis
1338 919 1381 983 de

225 1025 327 1090 rebus
343 1026 565 1090 convenerint
580 1031 704 1107 patroc,
720 1043 922 1106 consurgere
939 1032 973 1090 ct
989 1043 1129 1089 numero
1146 1030 1248 1106 atque
1265 1030 1382 1088 aetate

225 1130 369 1194 liberum
385 1147 524 1194 suorum
555 1146 675 1210 urgere
700 1129 900 1194 modestiam
927 1135 1073 1208 senatus,
1100 1129 1243 1193 eandem
1258 1129 1327 1192 vim
1344 1128 1381 1190 in

225 1250 280 1297 me
295 1231 524 1295 transmittere
541 1249 582 1296 ac
597 1231 688 1296 velut
704 1230 911 1312 perfringere
926 1232 1105 1312 aerarium,
1136 1232 1225 1314 quod
1252 1231 1281 1295 si
1306 1249 1381 1294 am-

224 1335 353 1399 bitione
384 1335 649 1414 exhauserimuS,
680 1353 739 1416 per
757 1335 889 1400 scelera
916 1334 1138 1417 supplendum
1169 1334 1241 1398 erit.
1280 1333 1382 1397 Dedit

181 1453 216 1509 15
226 1439 296 1520 tibi,
313 1439 460 1519 Hortale,
476 1440 574 1504 divus
589 1439 760 1520 Augustus
776 1441 962 1521 pecuniam,
989 1439 1047 1504 sed
1072 1458 1141 1504 non
1167 1437 1382 1520 conpellatus

226 1559 289 1606 nec
305 1560 346 1606 ea
362 1542 442 1623 lege,
459 1548 495 1606 ut
511 1561 643 1624 semper
660 1544 806 1608 daretur.
829 1544 1038 1626 Languescet
1062 1543 1187 1624 alioqui
1202 1542 1382 1618 industria,

227 1645 419 1710 intendetur
435 1646 600 1724 socordia,
617 1647 646 1711 si
661 1645 771 1711 nullus
788 1665 829 1712 ex
854 1665 890 1711 se
906 1653 1015 1711 metus
1032 1652 1090 1710 aut
1107 1665 1192 1727 spes,
1218 1652 1251 1709 ct
1267 1648 1383 1710 securi

226 1765 343 1813 omnes
360 1749 472 1814 aliena
489 1749 640 1814 subsidia
656 1751 909 1831 exspectabunt,
925 1750 988 1814 sibi
999 1751 1120 1832 ignavi,
1134 1749 1232 1814 nobis
1243 1751 1384 1830 graves?

227 1851 319 1917 Haeo
336 1859 437 1936 atque
453 1853 544 1933 talia,
561 1872 765 1938 quamquam
782 1873 857 1918 cum
875 1854 1020 1918 adsensu
1038 1854 1154 1918 audita
1171 1853 1213 1918 ab
1230 1853 1280 1931 iis,
1305 1855 1384 1936 qui-

180 1956 289 2025 aobus
306 1958 421 2022 omnia
437 1959 633 2039 principum,
658 1959 803 2024 honesta
820 1964 921 2042 atque
936 1959 1126 2039 inhonesta,
1149 1957 1290 2023 laudare
1306 1978 1385 2024 mos

228 2066 287 2140 cst,
303 2061 417 2142 plures
443 2081 502 2142 per
533 2062 702 2128 silentium
733 2069 792 2128 aut
823 2062 992 2127 occultum
1023 2081 1174 2126 murmur
1205 2080 1384 2142 excepere.

227 2165 405 2250 Sensitque
431 2167 602 2247 Tiberius;
634 2175 667 2232 et
691 2188 768 2233 cum
791 2169 928 2251 paulum
945 2169 1145 2246 reticuisset,
1184 2168 1326 2233 Hortalo
1345 2189 1383 2235 se

228 2271 442 2350 respondisse
459 2273 524 2336 ait:
549 2279 699 2336 ceterum
716 2273 744 2336 si
760 2271 913 2353 patribus
929 2273 1107 2345 videretur,
1123 2273 1280 2337 daturum
1296 2272 1384 2339 libe-

226 2373 272 2436 ris
283 2373 355 2436 eius
367 2373 499 2438 ducena
509 2376 666 2439 sestertia
677 2375 824 2455 singulis
840 2376 896 2457 qui
907 2393 1008 2440 sexus
1018 2359 1124 2440 virilis
1136 2382 1257 2440 essent.
1273 2375 1385 2457 Egere

179 2496 217 2548 25
228 2479 285 2544 alii
301 2486 430 2561 grates:
446 2481 537 2545 siluit
553 2481 720 2572 Hortalus,
738 2501 865 2563 pavore
882 2501 927 2547 an
941 2484 1053 2548 avitae
1071 2483 1258 2548 nobilitatis
1275 2485 1384 2548 ctiam

226 2584 314 2649 inter
331 2585 502 2666 angustias
519 2583 674 2650 fortunae
691 2587 848 2651 retinens.
880 2586 995 2670 Neque
1012 2588 1191 2652 miseratus
1208 2593 1259 2651 est
1285 2595 1384 2668 post·

225 2688 290 2753 hac
306 2687 469 2770 Tiberius,
485 2691 638 2772 quamvis
649 2691 769 2755 domus
782 2691 953 2756 Hortensii
969 2692 1162 2773 pudendam
1173 2691 1215 2754 ad
1227 2692 1384 2772 inopiam

226 2791 450 2858 delaberetur.

329 2897 380 2962 39.
402 2897 526 2964 Eodem
543 2917 631 2963 anno
648 2899 807 2980 mancipii
822 2899 922 2963 unius
938 2899 1090 2978 audacia,
1107 2901 1141 2964 ni
1158 2906 1289 2965 mature
1300 2901 1385 2966 sub-

225 3008 362 3065 ventum
379 3001 474 3080 foret‚
489 3002 667 3066 discordiis
683 3004 852 3085 armisque
868 3002 1024 3067 civilibus
1034 3021 1107 3068 rem
1118 3001 1289 3084 publicam
1299 3021 1384 3086 per-

225 3105 369 3170 culisset.
393 3104 544 3170 Postumi
559 3104 727 3187 Agrippae
743 3124 870 3185 servus,
887 3107 1023 3170 nomine
1034 3105 1197 3185 Clemens,
1213 3114 1384 3189 conperto

154 3239 157 3242 ·
225 3206 290 3271 fme
306 3207 445 3289 Augusti
460 3227 598 3290 pergere
614 3211 649 3273 in
665 3211 812 3274 insulam
838 3209 1031 3275 Planasiam
1058 3217 1092 3274 et
1116 3210 1234 3275 fraude
1258 3218 1321 3276 aut
1349 3213 1385 3276 vi

195 3317 360 3390 amptum
375 3310 557 3394 Agrippam
573 3312 661 3379 ferre
678 3314 721 3379 ad
738 3315 906 3378 exercitus
923 3311 1142 3379 Germanicos
1168 3333 1237 3378 non
1262 3317 1386 3381 servili

220 3413 332 3478 animo
350 3416 512 3497 concepit.
529 3415 621 3482 Ausa
638 3417 709 3482 eius
724 3417 889 3498 inpedivit
904 3419 1048 3482 tarditas
1066 3419 1244 3483 onerariae
1260 3422 1385 3485 navis:

226 3525 326 3602 atquc
351 3520 485 3586 interim
503 3528 639 3602 patrata
654 3522 758 3587 caede
774 3522 817 3586 ad
833 3523 963 3587 maiora
989 3530 1023 3588 et
1047 3523 1153 3605 magis
1176 3525 1384 3606 praecipitia

224 3643 408 3689 conversus
439 3625 570 3690 furatur
595 3626 727 3690 cineres
752 3633 935 3710 vectusque
965 3626 1088 3692 Cosam
1118 3627 1272 3693 Etruriae
1298 3648 1384 3710 pro-

226 3731 433 3793 munturium
450 3731 572 3809 ignotis
587 3729 672 3794 locis
688 3747 761 3795 sese
778 3731 882 3810 abdit,
898 3733 1005 3796 donec
1022 3732 1149 3797 crinem
1166 3732 1386 3818 barbamque

182 3831 452 3909 repromitteret:
469 3849 549 3896 nam
565 3838 677 3896 aetate
694 3838 726 3896 et
743 3832 852 3898 forma
868 3833 959 3898 haud
976 3834 1129 3899 dissimili
1151 3835 1186 3898 in
1203 3835 1385 3902 dominnm

227 3937 310 3994 erat.
327 3932 412 3996 Tum
425 3952 485 4013 per
500 3933 639 3998 idoneos
657 3941 690 3999 et
705 3937 827 4000 secreti
844 3937 915 4000 cius
934 3937 1044 4001 socios
1061 3938 1243 4003 crebrescit
1259 3939 1387 4007 vivere

230 4033 418 4113 Agrippam,
434 4035 574 4100 occultis
590 4037 734 4116 primum
751 4039 973 4118 sermonibus
989 4046 1024 4103 ut
1040 4044 1143 4105 vetita
1158 4040 1281 4118 solent,
1298 4061 1387 4109 mox
