906 1252
313 138 333 149 aa
342 138 411 149 excessu
417 138 487 150 sucus'rz
495 133 519 149 111.
528 134 585 149 5ᾈ11.
706 134 727 150 93

151 182 236 202 sperabat.
248 182 325 198 Tiberius
333 186 366 202 quo
379 181 463 201 integrum
471 181 551 197 iudicium
561 182 659 201 ostentaret,
668 185 730 201 exeep-

153 209 188 223 tum
197 208 267 224 comiter
279 208 356 223 iuvenem
362 209 410 223 sueta
416 212 457 227 erga
462 207 504 223 filios
511 206 612 223 familiarum
618 207 683 223 nobiles
688 207 729 223 libe-
744 211 752 224 5

152 234 221 250 ralitate
229 235 283 254 auget.
295 233 358 249 Drusus
367 233 428 252 Pisoni,
440 233 456 249 si
464 237 506 249 vera
515 233 570 249 forent
578 238 621 254 quae
630 233 731 252 iacerentur,

153 260 261 280 praecipuum
270 260 287 275 in
295 259 354 275 dolore
362 264 410 275 suum
419 259 476 275 locum
484 259 580 279 respondit:
592 259 621 275 sed
630 259 679 275 malle
688 259 731 275 falsa

151 288 170 302 et
186 286 244 302 inania
260 290 291 302 nec
304 286 383 306 cuiquam
395 286 467 301 mortem
480 284 575 301 Germanici
588 285 677 301 exitiosam
690 289 731 301 esse.

155 312 199 328 Haec
207 311 264 332 palam
272 313 289 328 et
296 312 350 327 vitato
358 311 404 327 omni
413 313 549 332 secre103neque
554 311 676 327 dubitabantur
682 315 731 331 prae-

152 338 217 358 scripta
225 337 240 353 ei
248 342 258 353 a
267 337 338 357 Tiberio,
347 342 385 353 cum
393 337 483 353 incallidus
491 337 554 357 alioqui
567 338 583 353 et
596 336 650 353 facilis
663 337 732 353 iuventa
738 341 754 354 10

153 363 235 379 senilibus
243 365 278 379 tum
286 363 351 379 artibus
359 364 439 379 uteretur.

206 389 220 405 9⁴
233 389 271 405 Piso
279 389 371 405 Delmatico
380 389 421 405 mari
430 389 509 405 tramisso
518 388 614 409 relictisque
623 389 668 409 apud
676 388 732 405 Anco*

154 420 195 431 nam
203 415 275 431 navibus
283 420 312 435 per
320 415 401 431 Picenum
409 419 429 431 ac
438 419 478 430 mox
486 415 586 431 Flaminiam
597 415 642 431 viam
655 415 733 435 adsequi-

155 443 183 457 tur
190 441 277 462 legionem,
289 446 332 461 quae
340 446 349 457 e
358 441 446 457 Pannonia
455 441 472 456 in
479 441 543 460 urbem,
559 441 598 457 dein
610 441 695 461 praesidio
704 440 733 456 Af>

154 467 202 483 ricae
209 467 311 483 ducebatur:
324 471 377 487 eaque
386 471 413 483 res
421 467 486 487 agitata
494 467 595 487 rumoribus,
606 468 625 482 ut
637 467 654 482 in
668 467 733 487 agmine

154 494 207 513 atque
215 493 275 509 itinere
283 492 343 509 crebro
356 498 374 509 se
387 493 468 508 militibus
481 493 605 509 ostentavisset.
623 492 649 509 Ab
665 492 733 512 Narnia,
747 497 755 509 5

155 519 236 535 vitandae
244 519 345 539 suspicionis
353 523 375 535 an
384 519 423 539 quia
432 519 499 538 pavidis
507 519 579 535 consilia
593 519 609 534 in
618 519 682 535 incerto
691 520 735 538 sunt,

155 545 202 561 Nare
210 549 230 561 ac
238 550 277 561 mox
285 544 342 561 Tiberi
351 545 430 561 devectus
439 545 487 560 auxit
495 544 539 565 vulgi
547 545 586 565 iras,
594 545 633 565 quia
641 549 703 561 navem
708 546 733 560 tur

156 571 202 587 mulo
215 570 306 587 Caesarum
319 571 408 591 adpulerat
420 571 481 591 dieque
493 572 510 586 et
522 571 559 591 ripa
573 570 660 591 frequenti,
672 575 733 590 magno

154 597 243 613 clientium
251 597 317 617 agmine
325 597 366 617 ipse,
375 597 475 613 feminarum
483 597 565 612 comitatu
573 596 655 612 Plancina
663 598 680 612 et
688 596 735 612 vultu

156 623 224 639 alacres
232 624 321 639 incessere⁴
333 623 371 639 Fuit
379 623 423 639 inter
431 623 541 639 inritamenta
550 623 622 639 invidiae
631 623 690 638 domus
699 622 735 638 forn
741 626 758 639 ιο

157 650 242 665 inminens
250 649 293 665 festa
301 651 362 665 ornatu
371 649 501 669 conviviumque
515 650 531 665 et
544 649 604 669 epulae
612 650 629 665 et
637 648 735 665 celebritate

157 676 192 691 loci
200 676 241 691 nihil
249 675 338 691 occultum.

212 701 236 717 10.
248 701 318 717 Postera
326 701 352 717 die
363 701 448 717 Fulcinius
462 701 502 717 Trio
510 701 589 717 Pisonem
600 701 645 721 apud
658 701 735 717 consules

158 727 254 748 postulavit.
266 727 330 743 Contra
338 727 414 743 Vitellius
423 731 443 743 ac
451 727 536 743 Veranius
548 727 633 747 ceterique
646 726 735 743 Germani-

155 758 197 769 cum
205 753 281 769 comitati
289 753 385 772 tendebant,
399 753 453 769 nullas
463 758 499 769 esse
507 753 560 773 partis
572 752 638 772 Trioni,
651 757 705 773 neque
717 757 735 768 se

155 780 272 798 accusatores,
284 779 313 795 sed
321 783 378 795 rerum
386 779 450 795 indices
463 780 480 795 et
492 780 544 794 testes
551 778 632 795 mandata
640 778 736 794 Germanici

158 804 259 824 perlaturos,
277 804 306 821 Ille
321 805 391 821 dimissa
403 805 439 820 eius
453 809 517 820 causae
529 804 618 823 delatione,
631 806 649 820 ut
662 804 735 824 priorem
749 809 757 821 5

157 831 211 847 vitam
219 832 308 847 accusaret
316 831 393 850 obtinuit,
402 831 506 851 petitumque
514 832 540 846 est
548 835 558 846 a
567 830 641 850 principe
654 830 736 850 cognitio-

157 861 198 873 nem
206 857 295 877 exciperet.
307 857 355 877 Quod
363 861 384 873 ne
392 861 431 873 reus
439 856 508 877 quidem
516 856 607 874 abnuebat,
615 856 671 872 studia
680 856 736 876 populi

160 884 176 898 et
183 884 250 903 patrum
259 884 344 899 metuens:
357 884 417 899 eontra
429 882 515 898 Tiberium
528 882 627 902 spernendis
640 882 736 898 rumoribus

160 909 233 925 validum
241 910 258 925 et
266 909 380 925 conscientiae
388 909 447 925 matris
457 909 536 924 innexum
545 913 591 928 esse;
599 913 673 929 veraque
681 910 711 925 aut
718 909 736 924 in

161 935 233 951 deterius
241 935 306 951 credita
314 935 368 951 iudice
376 935 398 951 ab
407 933 441 950 nno
450 934 517 950 facilius
525 934 602 954 discerni,
610 934 667 950 odium
672 934 736 950 etinvi-
742 938 758 951 ιο

161 961 204 977 diam
213 961 257 981 apud
266 961 326 977 multos
335 961 396 977 valere*
407 960 456 976 Haud
465 960 535 976 fallebat
542 960 628 976 Tiberium
636 960 689 976 moles
697 965 734 980 cog-

158 987 228 1003 nitionis
236 991 303 1007 quaque
311 987 347 1007 ipse
361 986 406 1003 fzma
414 987 542 1003 distraheretur,
554 986 605 1007 Igitur
617 986 675 1006 paucis
688 986 736 1002 fami-

161 1013 226 1029 liarium
234 1013 314 1029 adhibitis
322 1013 376 1029 minas
385 1013 502 1029 accusantium
511 1014 527 1028 et
535 1012 575 1028 hine
583 1017 641 1032 preces
650 1012 696 1028 audit
709 1012 735 1028 in-

162 1040 257 1059 tegramque
265 1043 334 1055 causam
342 1039 364 1054 ad
372 1040 449 1054 senatum
459 1038 534 1054 remittit.

213 1066 237 1081 11.
249 1065 303 1085 Atque
316 1065 383 1081 interim
395 1064 459 1081 Drusus
472 1065 538 1080 rediens
551 1064 621 1084 Illyrico,
634 1069 735 1085 quamquam

160 1093 217 1111 patres
225 1091 330 1107 censuissent
340 1090 361 1107 ob
374 1092 461 1111 receptum
473 1090 594 1106 Maroboduum
608 1092 625 1106 et
640 1095 667 1106 res
680 1090 736 1110 priore
