3010 4430
427 231 468 275 aa
484 229 624 276 Excussu
641 229 780 276 uueusrr
795 209 831 275 ΙΙ.
847 209 985 276 38-41.
1221 210 1266 276 65

120 421 201 486 vago
217 421 354 468 rumore
370 401 459 484 apud
475 401 706 482 inperitissimi
721 401 883 483 cuiusque
899 407 1073 483 promptas
1089 418 1190 465 aures
1206 407 1264 466 aut

119 525 250 573 rursum
267 506 356 588 apud
371 505 524 571 turbidos
540 523 647 588 eoque
663 523 751 570 nova
767 506 948 585 cupientes.
958 504 1067 588 Atque
1082 506 1154 586 ipse
1171 505 1264 571 adire

117 615 297 695 municipia
313 600 457 680 obscuro
474 613 548 694 diei,
573 631 682 696 neque
699 613 873 694 propalam
890 614 995 695 aspici
1011 632 1121 697 neque
1138 614 1263 678 diutius
1274 630 1309 684 15

117 718 220 783 isdem
236 718 328 796 locis,
343 719 402 782 sed
419 719 499 801 quia
513 718 641 782 veritas
659 717 735 781 visu
752 722 784 781 et
800 735 905 797 mora,
935 715 1022 782 falsa
1047 717 1264 783 festinatione

118 828 149 887 et
164 822 301 887 incertis
316 821 499 902 valescunt,
514 820 727 904 relinquebat
743 819 868 888 famam
878 827 936 886 aut
953 821 1202 902 praeveniebat.

218 923 502 1007 mitigabatur
526 925 662 991 interim
686 943 746 1006 per
770 925 903 990 ltaliam
928 931 1099 990 servatum
1125 941 1265 988 munere

118 1031 215 1096 deum
230 1030 420 1112 Agrippam,
446 1029 646 1096 credebatur
662 1029 808 1109 Romae,
838 1030 970 1113 iamque
996 1027 1126 1094 Ostiam
1151 1029 1265 1092 invec-

118 1142 186 1199 tum
201 1134 379 1200 multitudo
395 1135 524 1214 ingens,
538 1134 606 1198 iam
622 1133 657 1197 in
673 1133 757 1198 urbe
773 1132 973 1198 clandestini
983 1139 1100 1198 coetus
1112 1131 1264 1197 celebra-

119 1241 208 1322 bant,
237 1259 313 1305 cnm
343 1239 513 1305 Tiberium
538 1257 665 1319 anceps
689 1257 772 1302 cura
798 1239 996 1319 distrahere,
1021 1239 1097 1304 vine
1123 1237 1265 1302 militum

119 1365 250 1410 servum
267 1363 364 1410 suum
381 1348 555 1410 coerceret
571 1362 614 1408 an
631 1343 768 1408 inanem
778 1343 1011 1408 credulitatem
1021 1349 1180 1423 tempore
1191 1343 1264 1422 ipso
1291 1357 1308 1410 5

118 1467 299 1516 vanescere
316 1450 458 1514 sineret:
475 1447 576 1513 modo
593 1447 677 1513 nihil
692 1448 928 1528 spernendum,
944 1449 1044 1512 modo
1062 1466 1133 1514 non
1150 1446 1264 1512 omnia

120 1554 294 1618 metuenda
320 1552 496 1634 ambiguus
522 1553 660 1634 pudoris
686 1571 726 1616 ae
742 1558 852 1618 metus
868 1553 1056 1635 reputabat.
1089 1552 1264 1617 Postremo

118 1657 175 1722 dat
190 1657 367 1738 negotiumv
385 1655 544 1722 Sallustio
561 1654 689 1737 Crispo.
706 1655 766 1720 llle
791 1675 808 1721 e
828 1655 1006 1721 clientibus
1017 1657 1101 1721 duos
1118 1655 1265 1739 (quidam

119 1762 237 1827 milites
253 1761 357 1826 fuisse
372 1761 527 1846 tradunt)
557 1761 671 1843 deligit
696 1767 797 1846 atque
820 1761 984 1841 hortatur,
1011 1761 1169 1825 simulata
1186 1779 1264 1824 con·

119 1867 257 1932 seientia
273 1867 406 1947 adeant,
423 1865 569 1931 ollerant
583 1866 769 1946 pecuniam,
785 1864 884 1930 fidem
895 1871 996 1948 atque
1007 1865 1159 1946 pericula
1168 1863 1265 1944 polli-
1275 1882 1309 1938 10

120 1976 266 2036 ceantur.
289 1969 528 2053 Exsequuntur
543 1975 581 2032 ut
596 1970 724 2033 iussum
741 1974 822 2033 erat.
844 1968 927 2032 Dein
946 1968 1110 2050 speculati
1129 1972 1264 2031 noctem

118 2073 366 2153 incustoditam,
396 2079 538 2154 accepta
554 2073 679 2136 idonea
695 2089 805 2150 manu,
835 2071 985 2135 vinctum
1002 2071 1117 2136 clauso
1142 2089 1201 2136 ore
1231 2071 1265 2132 in

117 2173 281 2240 Palatium
306 2181 449 2240 traxere.
481 2175 700 2240 Percontanti
726 2174 870 2255 Tiberio,
900 2193 965 2259 quo
992 2175 1091 2239 modo
1118 2173 1265 2256 Agrippa

117 2277 226 2346 factus
251 2288 350 2362 esset,
376 2283 593 2362 respondisse
618 2281 723 2347 fertur
746 2282 826 2365 ‘quo
850 2282 950 2348 modo
975 2287 1012 2346 tu
1041 2281 1186 2348 Caesar’
1223 2281 1265 2348 Ut

119 2385 231 2450 ederet
246 2387 356 2451 socios
376 2386 484 2468 subigi
508 2406 577 2450 non
596 2387 711 2466 potuit.
750 2385 819 2451 Nec
845 2385 998 2452 Tiberius
1023 2390 1168 2468 poenam
1192 2387 1264 2453 eius
1276 2403 1308 2456 15

118 2490 228 2570 palam
244 2481 356 2569 ausus
371 2491 410 2554 in·
422 2495 554 2556 secreta
571 2489 693 2555 Palatii
706 2496 802 2573 parte
818 2491 960 2557 interfici
970 2492 1067 2556 iussit
1078 2510 1265 2574 corpusque

119 2592 204 2658 clam
220 2591 354 2659 auferri.
377 2593 417 2657 Et
441 2612 647 2678 quamquam
671 2594 767 2658 multi
798 2613 815 2659 e
846 2595 944 2660 domo
975 2596 1137 2676 principis
1169 2596 1263 2679 equi-

118 2703 232 2780 tesque
249 2715 291 2763 ac
309 2703 486 2762 senatores
503 2703 712 2764 sustentasse
731 2697 861 2778 opibus,
892 2699 1016 2764 iuvisse
1041 2699 1191 2763 consiliis
1216 2685 1264 2762 di·

119 2808 283 2881 cerentur,
297 2801 389 2866 haud
405 2801 602 2884 quaesitum.

218 2906 270 2970 41.
293 2905 376 2971 Fine
393 2907 474 2970 anni
490 2925 590 2971 arcus
605 2911 744 2987 propter
760 2907 879 2972 aedem
895 2905 1031 2972 Saturni
1057 2906 1100 2971 ob
1126 2912 1264 2986 recepta

119 3011 212 3091 signa
227 3030 304 3076 cum
320 3010 411 3075 Varo
428 3011 554 3078 amissa
572 3012 674 3075 ductu
691 3009 891 3090 Germanici,
907 3012 1065 3091 auspiciis
1082 3009 1217 3090 Tiberii,
1233 3015 1266 3074 et

120 3113 219 3180 aedes
234 3115 346 3180 Fortis
362 3114 531 3180 Fortunae
547 3113 696 3180 Tiberim
726 3116 822 3178 iuxta
844 3116 879 3178 in
895 3115 1010 3194 hortis,
1035 3133 1121 3197 quos
1137 3112 1264 3179 Caesar

120 3217 261 3284 dictator
278 3219 402 3300 populo
427 3219 581 3284 Romano
611 3219 792 3300 legaverat,
823 3219 1009 3283 sacrarium
1039 3219 1131 3301 genti
1160 3219 1264 3285 Iuliae

120 3319 307 3407 effigiesque
324 3323 400 3387 divo
415 3322 564 3406 Augusto
581 3323 669 3404 apud
686 3321 833 3388 Bovillas
850 3323 1012 3387 dicantur.
1291 3338 1308 3392 5

220 3425 254 3492 C.
271 3425 388 3492 Caelio
412 3427 445 3491 L.
463 3427 648 3508 Pomponio
673 3425 867 3491 consulibus
891 3424 1112 3494 Germanicus
1138 3426 1265 3492 Caesar

121 3546 151 3593 a.
167 3529 193 3594 d.
208 3530 275 3595 Vll.
291 3529 363 3596 Kal.
381 3531 494 3598 lunias
511 3531 733 3613 triumphavit
749 3531 790 3596 de
806 3529 984 3598 Cheruscis
1008 3531 1206 3616 Chattisque
1231 3536 1265 3596 et

119 3630 328 3716 Angrivariis
344 3654 498 3718 quaeque
514 3635 603 3700 aliae
621 3636 777 3700 nationes
802 3655 908 3720 usque
933 3636 977 3702 ad
1001 3637 1114 3702 Albim
1139 3635 1263 3701 colunt.

120 3735 223 3804 Vecta
237 3739 354 3822 spolia,
378 3740 513 3822 captivi,
532 3738 713 3804 simulacra
731 3741 904 3821 montium,
923 3741 1105 3821 fluminum,
1121 3738 1264 3820 proelio·

119 3855 210 3923 rum;
232 3830 432 3927 bellumque,
449 3844 528 3928 quia
543 3842 710 3908 conficere
725 3842 916 3924 prohibitus
932 3850 1013 3924 erat,
1029 3862 1090 3924 pro
1108 3842 1262 3908 conlecto
1274 3859 1307 3912 10

123 3945 358 4026 accipiebatur.
381 3945 534 4029 Augebat
549 3948 753 4011 intuentium
768 3947 860 4010 visus
876 3947 999 4010 eximia
1013 3946 1118 4024 ipsius
1134 3946 1264 4024 species

119 4063 304 4134 currusque
321 4052 467 4134 quinque
483 4050 598 4116 liberis
614 4057 762 4116 onustus,
786 4049 851 4116 Sed
876 4049 1013 4114 suberat
1038 4049 1173 4113 occulta
1197 4048 1263 4113 lor-

176 4183 416 4240 eto-caucasus:
430 4188 634 4230 ratramnum.
1202 4167 1220 4216 5
