3010 4430
410 257 452 302 na
475 256 616 303 excussu
639 255 780 302 nuousrr
804 235 988 300 lieu-49.
1252 235 1294 300 69

144 429 355 510 Responsum
371 439 422 492 est
437 447 506 492 non
520 429 595 493 iure
611 447 688 492 eum
705 428 868 493 adversus
893 426 1083 492 Cheruscos
1107 445 1202 492 arma
1228 426 1294 490 Ro-

144 551 246 596 mana
261 533 429 610 invocare,
453 532 510 613 qui
535 533 714 614 pugnantis
735 531 769 595 in
785 531 930 596 eundem
960 531 1093 596 hostem
1123 530 1295 595 Romanos
1390 607 1393 613 ι

144 635 237 701 nulla
252 655 315 717 ope
330 636 477 701 iuvisset.
500 635 620 700 Missus
637 642 750 700 tamen
766 635 902 715 Drusus,
927 643 963 701 ut
988 635 1186 713 rettulimus,
1218 636 1294 715 paci

141 738 304 805 iirmator.
560 818 562 822 Ι

246 844 298 908 47.
322 843 447 909 Eodem
464 863 554 908 anno
572 843 748 908 duodecim
775 843 928 909 celebres
953 843 1055 908 Asiae
1079 841 1181 908 urbes
1213 862 1292 907 con-

146 948 261 1029 lapsae
291 953 457 1013 nocturno
487 952 579 1012 motu
609 953 733 1028 terrae,
763 965 828 1030 quo
860 948 1064 1029 inprovisior
1094 948 1294 1029 graviorque

147 1052 248 1133 pestis
265 1050 334 1116 tuit.
357 1051 471 1135 Neque
487 1051 623 1116 solitum
648 1052 683 1114 in
707 1051 767 1116 tali
783 1070 864 1116 casu
881 1051 1037 1134 effugium
1063 1050 1294 1130 subveniebat,

145 1157 179 1222 in
210 1164 328 1238 aperta
351 1157 599 1238 prorumpendi,
629 1156 708 1238 quia
740 1155 885 1220 diductis
910 1157 1010 1222 terris
1040 1156 1293 1220 hauriebantur.

144 1260 278 1331 Sedisse
292 1262 464 1325 inmensos
480 1265 622 1337 montes,
646 1259 720 1323 visa
735 1259 770 1323 in
796 1259 902 1324 arduo
922 1278 1008 1342 quae
1034 1260 1135 1342 plana
1160 1258 1293 1337 fuerint,
1320 1275 1338 1332 5

145 1364 307 1429 effulsisse
323 1365 412 1430 inter
427 1365 560 1428 ruinam
577 1365 669 1444 ignes
694 1369 892 1428 memorant.
924 1363 1119 1444 Asperrima
1147 1364 1182 1426 in
1213 1361 1293 1428 Sar-

147 1469 266 1533 dianos
280 1469 352 1534 lues
369 1469 548 1550 plurimum
573 1469 608 1532 in
625 1468 760 1532 eosdem
777 1469 1030 1534 misericordiae
1060 1468 1183 1536 traxit:
1215 1485 1294 1532 nam

147 1573 295 1637 centiens
312 1574 503 1638 sestertium
519 1572 687 1652 pollicitus
703 1569 838 1653 Caesar,
860 1579 893 1638 et
908 1579 1071 1655 qnantum
1087 1573 1220 1637 aerario
1237 1577 1295 1636 aut

145 1674 226 1741 fisco
243 1676 443 1758 pendebant,
459 1678 494 1741 in
510 1677 775 1760 quinquennium
794 1678 931 1742 remisit.
955 1676 1126 1758 Magnetes
1143 1696 1164 1742 a
1180 1677 1293 1760 Sipylo

145 1782 289 1862 proximi
305 1783 427 1846 damno
445 1800 486 1858 ac
502 1765 651 1846 remedio
667 1781 782 1846 habiti.
815 1782 981 1859 Temnios,
1001 1781 1294 1864 philadelphenos,
1306 1798 1339 1852 10

146 1883 323 1966 Aegeatas,
353 1884 641 1966 Apollonidenses
676 1887 799 1968 quique
829 1885 972 1951 Mosteni
1003 1892 1062 1950 aut
1092 1885 1294 1950 Macedones

143 1987 293 2071 Hyrcani
308 1994 483 2067 vocantur,
499 1995 532 2054 et
542 1989 845 2070 Hierocaesariam‚
860 1988 1035 2072 Myrinam,
1045 1988 1180 2072 Cymen,
1197 1990 1295 2054 Tmo-

144 2093 214 2158 lum
230 2094 336 2158 levari
351 2094 439 2159 idem
455 2096 489 2159 in
506 2101 639 2176 tempus
663 2093 798 2158 tributis
823 2095 976 2176 mittique
1003 2113 1044 2158 ex
1075 2101 1195 2159 senatu
1221 2095 1294 2176 pla-

141 2199 223 2274 cuit,
238 2199 294 2280 qui
310 2199 503 2278 praesentia
520 2205 690 2280 spectaret
714 2197 958 2282 refoveretque.
988 2198 1143 2264 Delectus
1174 2205 1225 2266 est
1254 2198 1295 2264 M.

140 2300 274 2367 Aletius
289 2319 307 2366 e
323 2304 512 2384 praetoriis,
537 2321 579 2368 ne
596 2302 767 2368 consulari
783 2303 956 2368 obtinente
981 2302 1096 2369 Asiam
1113 2304 1294 2369 aemulatio
1305 2320 1338 2374 15

142 2405 233 2470 inter
249 2424 348 2486 pares
365 2413 454 2472 etex
471 2426 511 2471 eo
527 2408 803 2488 impedimentum
822 2413 982 2473 oreretur.

248 2509 300 2576 48.
323 2510 534 2592 Magnificam
551 2513 585 2576 in
611 2511 783 2592 publicum
807 2511 1020 2593 largitionem
1045 2513 1137 2577 auxit
1167 2511 1294 2577 Caesar

140 2613 234 2678 haud
250 2615 361 2680 minus
376 2621 472 2698 grata
496 2614 710 2688 liberalitate,
740 2616 830 2698 quod
860 2616 951 2680 bona
981 2616 1145 2681 Aemiliae
1171 2616 1295 2694 Musae,

138 2717 321 2800 locupletis
337 2720 528 2799 intestatae,
544 2721 651 2801 petita
665 2720 701 2782 in
717 2718 843 2799 fiscum,
869 2718 1011 2784 Aemilio
1036 2719 1170 2801 Lepido,
1200 2720 1295 2782 cuius

139 2839 161 2887 e
178 2821 280 2886 domo
295 2822 484 2904 videbatur,
514 2829 547 2887 et
573 2822 704 2888 Patulei
720 2821 834 2887 divitis
851 2824 972 2905 equitis
989 2822 1132 2888 Romani
1163 2822 1294 2887 heredi·

137 2930 257 3002 tatem,
273 2945 477 3008 quamquam
494 2927 565 3008 ipse
580 2927 680 2992 heres
696 2927 731 2991 in
757 2932 854 3007 parte
885 2927 1061 3007 legeretur,
1091 2926 1230 2990 tradidit
1254 2926 1293 2990 M.
1321 2945 1338 2997 5

138 3028 298 3110 Servilio,
327 3049 426 3112 quem
450 3031 619 3111 prioribus
645 3049 753 3113 neque
779 3031 943 3111 suspectis
975 3030 1100 3094 tabulis
1131 3030 1295 3110 scriptum

140 3139 367 3213 compererat,
396 3134 607 3200 nobilitatem
631 3135 805 3216 utriusque
825 3134 969 3215 pecunia
985 3134 1166 3198 iuvandam
1197 3153 1296 3215 prae·

138 3235 242 3301 fatus
266 3235 382 3320 Neque
397 3238 621 3302 hereditatem
638 3238 837 3320 cuiusquam
853 3237 937 3301 adiit
952 3237 1017 3305 nisi
1042 3256 1118 3302 cum
1143 3239 1294 3304 amicitia

136 3341 338 3406 meruisset:
370 3343 503 3424 ignotos
534 3349 567 3406 et
599 3342 674 3406 aliis
700 3340 850 3418 infensos
875 3359 981 3424 eoque
1007 3343 1194 3425 principem
1210 3363 1294 3408 nun·

135 3450 308 3527 cupantes
324 3445 441 3526 procul
457 3447 604 3510 arcebat.
629 3444 785 3510 Ceterum
810 3452 846 3509 ut
863 3445 1041 3510 honestam
1065 3447 1295 3512 innocentium
1307 3462 1340 3515 10

136 3555 379 3632 paupertatem
396 3549 531 3630 levavit,
548 3551 596 3615 ita
611 3551 768 3632 prodigos
782 3556 815 3615 et
830 3549 873 3615 ob
890 3550 1015 3636 flagitia
1032 3557 1176 3632 egentes,
1199 3550 1294 3614 Vibi-

135 3654 236 3718 dium
252 3652 442 3734 Virronem,
454 3653 596 3718 Marium
612 3653 786 3735 Nepotem,
800 3655 945 3736 Appium
955 3653 1156 3735 Appianum,
1172 3651 1294 3718 Corne·

133 3758 225 3824 lium
255 3755 392 3836 Sullam,
422 3758 458 3837 Q.
482 3757 652 3822 Vitellium
677 3759 782 3823 movit
802 3763 922 3823 senatu
947 3765 1004 3822 aut
1030 3765 1149 3838 sponte
1175 3757 1294 3822 cedere

133 3880 265 3944 passus
281 3868 341 3926 est

247 3967 298 4032 49.
314 3967 422 4032 Isdem
433 3968 640 4050 temporibus
651 3969 749 4033 deum
766 3967 867 4032 aedes
877 3971 1044 4032 vetustate
1061 3971 1120 4029 aut
1135 3965 1202 4047 igni
1212 3965 1294 4031 abo·

130 4072 221 4137 litas
237 4076 440 4154 coeptasque
457 4070 500 4137 ab
518 4069 671 4153 Augusto
687 4070 866 4148 dedicavit,
890 4068 1010 4132 Libero
1034 4068 1243 4152 Liberaeque
1261 4075 1294 4133 et
