<?xml version="1.0" encoding="UTF-8"?>
<!DOCTYPE html PUBLIC "-//W3C//DTD XHTML 1.0 Transitional//EN"
    "http://www.w3.org/TR/xhtml1/DTD/xhtml1-transitional.dtd">
<html xmlns="http://www.w3.org/1999/xhtml" xml:lang="en" lang="en">
 <head>
  <title>
</title>
<meta http-equiv="Content-Type" content="text/html;charset=utf-8" />
  <meta name='ocr-system' content='tesseract 3.04.00' />
  <meta name='ocr-capabilities' content='ocr_page ocr_carea ocr_par ocr_line ocrx_word'/>
</head>
<body>
  <div class='ocr_page' id='page_1' title='image "annalen00koesgoog_0085.png"; bbox 0 0 3010 4430; ppageno 0'>
   <div class='ocr_carea' id='block_1_1' title="bbox 653 201 929 250">
    <p class='ocr_par' dir='ltr' id='par_1_1' title="bbox 653 201 929 250">
     <span class='ocr_line' id='line_1_1' title="bbox 653 201 929 250; baseline -0.007 0"><span class='ocrx_word' id='word_1_1' title='bbox 653 202 805 250; x_wconf 82' lang='lat' dir='ltr'>CORNELII</span> <span class='ocrx_word' id='word_1_2' title='bbox 821 201 929 250; x_wconf 74' lang='lat' dir='ltr'>rtem</span> 
     </span>
    </p>
   </div>
   <div class='ocr_carea' id='block_1_2' title="bbox 176 372 1372 1582">
    <p class='ocr_par' dir='ltr' id='par_1_2' title="bbox 216 372 1368 766">
     <span class='ocr_line' id='line_1_2' title="bbox 321 372 1366 454; baseline -0.003 -15"><span class='ocrx_word' id='word_1_3' title='bbox 321 374 371 439; x_wconf 76' lang='lat'>54.</span> <span class='ocrx_word' id='word_1_4' title='bbox 395 373 506 438; x_wconf 85' lang='lat' dir='ltr'>Petita</span> <span class='ocrx_word' id='word_1_5' title='bbox 521 373 599 438; x_wconf 91' lang='lat' dir='ltr'>inde</span> <span class='ocrx_word' id='word_1_6' title='bbox 615 372 751 438; x_wconf 87' lang='lat' dir='ltr'>Euboea</span> <span class='ocrx_word' id='word_1_7' title='bbox 768 374 913 438; x_wconf 82' lang='lat' dir='ltr'><strong>tramisit</strong></span> <span class='ocrx_word' id='word_1_8' title='bbox 931 374 1084 454; x_wconf 87' lang='lat' dir='ltr'><strong>Lesbum,</strong></span> <span class='ocrx_word' id='word_1_9' title='bbox 1109 373 1167 437; x_wconf 91' lang='lat' dir='ltr'>ubi</span> <span class='ocrx_word' id='word_1_10' title='bbox 1184 373 1366 454; x_wconf 87' lang='lat' dir='ltr'>Agrippina</span> 
     </span>
     <span class='ocr_line' id='line_1_3' title="bbox 217 475 1367 558; baseline -0.002 -16"><span class='ocrx_word' id='word_1_11' title='bbox 217 479 400 544; x_wconf 89' lang='lat' dir='ltr'>novissimo</span> <span class='ocrx_word' id='word_1_12' title='bbox 423 483 523 558; x_wconf 90' lang='lat' dir='ltr'>partu</span> <span class='ocrx_word' id='word_1_13' title='bbox 548 475 665 540; x_wconf 89' lang='lat' dir='ltr'>luliam</span> <span class='ocrx_word' id='word_1_14' title='bbox 685 476 798 542; x_wconf 82' lang='lat' dir='ltr'>edidit.</span> <span class='ocrx_word' id='word_1_15' title='bbox 829 476 913 541; x_wconf 91' lang='lat' dir='ltr'>Tum</span> <span class='ocrx_word' id='word_1_16' title='bbox 939 481 1090 544; x_wconf 85' lang='lat' dir='ltr'>extrema</span> <span class='ocrx_word' id='word_1_17' title='bbox 1120 476 1222 542; x_wconf 91' lang='lat' dir='ltr'>Asiae</span> <span class='ocrx_word' id='word_1_18' title='bbox 1252 475 1367 540; x_wconf 91' lang='lat' dir='ltr'>Perin-</span> 
     </span>
     <span class='ocr_line' id='line_1_4' title="bbox 216 579 1368 663; baseline -0.003 -17"><span class='ocrx_word' id='word_1_19' title='bbox 216 582 377 663; x_wconf 89' lang='lat' dir='ltr'>thumque</span> <span class='ocrx_word' id='word_1_20' title='bbox 402 599 442 644; x_wconf 90' lang='lat' dir='ltr'>ac</span> <span class='ocrx_word' id='word_1_21' title='bbox 465 579 674 662; x_wconf 84' lang='lat' dir='ltr'>Byzantium,</span> <span class='ocrx_word' id='word_1_22' title='bbox 704 579 889 646; x_wconf 90' lang='lat' dir='ltr'>Thraecias</span> <span class='ocrx_word' id='word_1_23' title='bbox 913 580 1024 663; x_wconf 91' lang='lat' dir='ltr'>urbes,</span> <span class='ocrx_word' id='word_1_24' title='bbox 1048 599 1126 645; x_wconf 86' lang='lat' dir='ltr'>mox</span> <span class='ocrx_word' id='word_1_25' title='bbox 1151 579 1368 661; x_wconf 82' lang='lat' dir='ltr'>Propontidis</span> 
     </span>
     <span class='ocr_line' id='line_1_5' title="bbox 218 683 1368 766; baseline -0.001 -17"><span class='ocrx_word' id='word_1_26' title='bbox 218 685 390 766; x_wconf 86' lang='lat' dir='ltr'>angustias</span> <span class='ocrx_word' id='word_1_27' title='bbox 409 689 443 749; x_wconf 91' lang='lat' dir='ltr'>et</span> <span class='ocrx_word' id='word_1_28' title='bbox 468 701 507 748; x_wconf 93' lang='lat' dir='ltr'>os</span> <span class='ocrx_word' id='word_1_29' title='bbox 531 683 706 749; x_wconf 90' lang='lat' dir='ltr'>Ponticum</span> <span class='ocrx_word' id='word_1_30' title='bbox 732 685 846 764; x_wconf 84' lang='lat' dir='ltr'>intrat,</span> <span class='ocrx_word' id='word_1_31' title='bbox 876 685 1034 766; x_wconf 87' lang='lat' dir='ltr'>cupidine</span> <span class='ocrx_word' id='word_1_32' title='bbox 1057 690 1191 749; x_wconf 87' lang='lat' dir='ltr'>veteres</span> <span class='ocrx_word' id='word_1_33' title='bbox 1215 685 1309 748; x_wconf 89' lang='lat' dir='ltr'>locos</span> <span class='ocrx_word' id='word_1_34' title='bbox 1333 692 1368 748; x_wconf 84' lang='lat' dir='ltr'>et</span> 
     </span>
    </p>

    <p class='ocr_par' dir='ltr' id='par_1_3' title="bbox 176 786 1372 1582">
     <span class='ocr_line' id='line_1_6' title="bbox 190 786 1368 872; baseline -0.005 -14"><span class='ocrx_word' id='word_1_35' title='bbox 190 787 308 858; x_wconf 76' lang='lat' dir='ltr'>bfama</span> <span class='ocrx_word' id='word_1_36' title='bbox 324 786 511 853; x_wconf 88' lang='lat' dir='ltr'>celebratos</span> <span class='ocrx_word' id='word_1_37' title='bbox 529 788 707 867; x_wconf 71' lang='lat' dir='ltr'>noscendi,</span> <span class='ocrx_word' id='word_1_38' title='bbox 722 789 915 872; x_wconf 85' lang='lat' dir='ltr'>pariterque</span> <span class='ocrx_word' id='word_1_39' title='bbox 931 789 1123 869; x_wconf 89' lang='lat' dir='ltr'>provincias</span> <span class='ocrx_word' id='word_1_40' title='bbox 1138 787 1280 852; x_wconf 90' lang='lat' dir='ltr'>internis</span> <span class='ocrx_word' id='word_1_41' title='bbox 1296 807 1368 852; x_wconf 88' lang='lat' dir='ltr'>eer-</span> 
     </span>
     <span class='ocr_line' id='line_1_7' title="bbox 217 890 1369 974; baseline -0.001 -16"><span class='ocrx_word' id='word_1_42' title='bbox 217 892 400 958; x_wconf 89' lang='lat' dir='ltr'>taminibus</span> <span class='ocrx_word' id='word_1_43' title='bbox 416 897 474 958; x_wconf 87' lang='lat' dir='ltr'>aut</span> <span class='ocrx_word' id='word_1_44' title='bbox 490 893 746 972; x_wconf 81' lang='lat' dir='ltr'>magistratuum</span> <span class='ocrx_word' id='word_1_45' title='bbox 762 893 892 957; x_wconf 89' lang='lat' dir='ltr'>iniuriis</span> <span class='ocrx_word' id='word_1_46' title='bbox 912 891 1019 958; x_wconf 88' lang='lat' dir='ltr'>fessas</span> <span class='ocrx_word' id='word_1_47' title='bbox 1043 891 1227 958; x_wconf 86' lang='lat' dir='ltr'>refovebat.</span> <span class='ocrx_word' id='word_1_48' title='bbox 1258 890 1369 974; x_wconf 87' lang='lat' dir='ltr'>Atque</span> 
     </span>
     <span class='ocr_line' id='line_1_8' title="bbox 216 995 1371 1078; baseline -0.002 -17"><span class='ocrx_word' id='word_1_49' title='bbox 216 997 308 1061; x_wconf 92' lang='lat' dir='ltr'>illum</span> <span class='ocrx_word' id='word_1_50' title='bbox 325 997 359 1060; x_wconf 94' lang='lat' dir='ltr'>in</span> <span class='ocrx_word' id='word_1_51' title='bbox 375 1015 528 1078; x_wconf 88' lang='lat' dir='ltr'>regressu</span> <span class='ocrx_word' id='word_1_52' title='bbox 547 1014 645 1060; x_wconf 89' lang='lat' dir='ltr'>saera</span> <span class='ocrx_word' id='word_1_53' title='bbox 670 995 928 1061; x_wconf 87' lang='lat' dir='ltr'>Samothracum</span> <span class='ocrx_word' id='word_1_54' title='bbox 953 998 1063 1062; x_wconf 90' lang='lat' dir='ltr'>visere</span> <span class='ocrx_word' id='word_1_55' title='bbox 1088 997 1251 1066; x_wconf 88' lang='lat' dir='ltr'>nitentem</span> <span class='ocrx_word' id='word_1_56' title='bbox 1275 995 1371 1060; x_wconf 93' lang='lat' dir='ltr'>obvii</span> 
     </span>
     <span class='ocr_line' id='line_1_9' title="bbox 218 1075 1370 1184; baseline -0.001 -19"><span class='ocrx_word' id='word_1_57' title='bbox 218 1100 392 1184; x_wconf 87' lang='lat' dir='ltr'>aquilones</span> <span class='ocrx_word' id='word_1_58' title='bbox 417 1100 583 1181; x_wconf 86' lang='lat' dir='ltr'>depulere.</span> <span class='ocrx_word' id='word_1_59' title='bbox 621 1099 722 1181; x_wconf 89' lang='lat' dir='ltr'>Igitur</span> <span class='ocrx_word' id='word_1_60' title='bbox 752 1100 844 1164; x_wconf 87' lang='lat' dir='ltr'>edito</span> <span class='ocrx_word' id='word_1_61' title='bbox 870 1100 929 1164; x_wconf 93' lang='lat' dir='ltr'>llio</span> <span class='ocrx_word' id='word_1_62' title='bbox 955 1119 1106 1183; x_wconf 90' lang='lat' dir='ltr'>quaeque</span> <span class='ocrx_word' id='word_1_63' title='bbox 1132 1100 1178 1164; x_wconf 93' lang='lat' dir='ltr'>ibi</span> <span class='ocrx_word' id='word_1_64' title='bbox 1198 1075 1370 1166; x_wconf 68' lang='lat' dir='ltr'>irarietate</span> 
     </span>
     <span class='ocr_line' id='line_1_10' title="bbox 218 1203 1371 1286; baseline -0.001 -17"><span class='ocrx_word' id='word_1_65' title='bbox 218 1203 373 1270; x_wconf 86' lang='lat' dir='ltr'>fortunae</span> <span class='ocrx_word' id='word_1_66' title='bbox 391 1210 424 1269; x_wconf 92' lang='lat' dir='ltr'>et</span> <span class='ocrx_word' id='word_1_67' title='bbox 439 1205 547 1269; x_wconf 84' lang='lat' dir='ltr'>nostri</span> <span class='ocrx_word' id='word_1_68' title='bbox 563 1205 691 1286; x_wconf 87' lang='lat' dir='ltr'>origine</span> <span class='ocrx_word' id='word_1_69' title='bbox 706 1204 911 1284; x_wconf 87' lang='lat' dir='ltr'>veneranda,</span> <span class='ocrx_word' id='word_1_70' title='bbox 936 1205 1053 1286; x_wconf 89' lang='lat' dir='ltr'>relegit</span> <span class='ocrx_word' id='word_1_71' title='bbox 1076 1205 1190 1270; x_wconf 89' lang='lat' dir='ltr'>Asiam</span> <span class='ocrx_word' id='word_1_72' title='bbox 1216 1204 1371 1286; x_wconf 91' lang='lat' dir='ltr'>adpellit-</span> 
     </span>
     <span class='ocr_line' id='line_1_11' title="bbox 176 1303 1371 1394; baseline 0 -22"><span class='ocrx_word' id='word_1_73' title='bbox 176 1326 283 1394; x_wconf 85' lang='lat' dir='ltr'>mque</span> <span class='ocrx_word' id='word_1_74' title='bbox 308 1308 518 1390; x_wconf 89' lang='lat' dir='ltr'>Colophona,</span> <span class='ocrx_word' id='word_1_75' title='bbox 542 1303 579 1372; x_wconf 84' lang='lat' dir='ltr'>ut&#39;</span> <span class='ocrx_word' id='word_1_76' title='bbox 603 1306 706 1374; x_wconf 88' lang='lat' dir='ltr'>Clarii</span> <span class='ocrx_word' id='word_1_77' title='bbox 730 1306 895 1390; x_wconf 89' lang='lat' dir='ltr'>Apollinis</span> <span class='ocrx_word' id='word_1_78' title='bbox 926 1309 1065 1373; x_wconf 88' lang='lat' dir='ltr'>oraculo</span> <span class='ocrx_word' id='word_1_79' title='bbox 1093 1314 1255 1374; x_wconf 89' lang='lat' dir='ltr'>uteretur.</span> <span class='ocrx_word' id='word_1_80' title='bbox 1292 1307 1371 1373; x_wconf 90' lang='lat' dir='ltr'>Non</span> 
     </span>
     <span class='ocr_line' id='line_1_12' title="bbox 218 1411 1372 1494; baseline 0.002 -18"><span class='ocrx_word' id='word_1_81' title='bbox 218 1411 343 1477; x_wconf 90' lang='lat' dir='ltr'>femina</span> <span class='ocrx_word' id='word_1_82' title='bbox 359 1411 433 1491; x_wconf 91' lang='lat' dir='ltr'>illis,</span> <span class='ocrx_word' id='word_1_83' title='bbox 459 1417 495 1475; x_wconf 89' lang='lat' dir='ltr'>ut</span> <span class='ocrx_word' id='word_1_84' title='bbox 511 1413 600 1493; x_wconf 90' lang='lat' dir='ltr'>apud</span> <span class='ocrx_word' id='word_1_85' title='bbox 615 1412 770 1494; x_wconf 89' lang='lat' dir='ltr'>Delphos,</span> <span class='ocrx_word' id='word_1_86' title='bbox 794 1413 853 1477; x_wconf 90' lang='lat' dir='ltr'>sed</span> <span class='ocrx_word' id='word_1_87' title='bbox 878 1414 979 1478; x_wconf 87' lang='lat' dir='ltr'>certis</span> <span class='ocrx_word' id='word_1_88' title='bbox 1004 1431 1022 1477; x_wconf 92' lang='lat' dir='ltr'>e</span> <span class='ocrx_word' id='word_1_89' title='bbox 1047 1411 1183 1478; x_wconf 85' lang='lat' dir='ltr'>familiis</span> <span class='ocrx_word' id='word_1_90' title='bbox 1207 1418 1240 1476; x_wconf 90' lang='lat' dir='ltr'>et</span> <span class='ocrx_word' id='word_1_91' title='bbox 1264 1411 1372 1478; x_wconf 81' lang='lat' dir='ltr'>ferme</span> 
     </span>
     <span class='ocr_line' id='line_1_13' title="bbox 217 1516 1371 1582; baseline 0.001 -1"><span class='ocrx_word' id='word_1_92' title='bbox 217 1516 330 1581; x_wconf 88' lang='lat' dir='ltr'>Mileto</span> <span class='ocrx_word' id='word_1_93' title='bbox 346 1517 474 1580; x_wconf 91' lang='lat' dir='ltr'>accitus</span> <span class='ocrx_word' id='word_1_94' title='bbox 490 1516 650 1580; x_wconf 84' lang='lat' dir='ltr'>sacerdos</span> <span class='ocrx_word' id='word_1_95' title='bbox 667 1534 842 1581; x_wconf 88' lang='lat' dir='ltr'>numerum</span> <span class='ocrx_word' id='word_1_96' title='bbox 861 1517 961 1582; x_wconf 91' lang='lat' dir='ltr'>modo</span> <span class='ocrx_word' id='word_1_97' title='bbox 978 1517 1241 1582; x_wconf 80' lang='lat' dir='ltr'>consultantium</span> <span class='ocrx_word' id='word_1_98' title='bbox 1258 1522 1291 1582; x_wconf 89' lang='lat' dir='ltr'>et</span> <span class='ocrx_word' id='word_1_99' title='bbox 1308 1535 1371 1582; x_wconf 93' lang='lat' dir='ltr'>no-</span> 
     </span>
    </p>
   </div>
   <div class='ocr_carea' id='block_1_3' title="bbox 217 1619 1479 1806">
    <p class='ocr_par' dir='ltr' id='par_1_4' title="bbox 217 1619 1479 1806">
     <span class='ocr_line' id='line_1_14' title="bbox 217 1619 1479 1701; baseline 0.002 -19"><span class='ocrx_word' id='word_1_100' title='bbox 217 1620 309 1683; x_wconf 91' lang='lat' dir='ltr'>mina</span> <span class='ocrx_word' id='word_1_101' title='bbox 327 1619 438 1698; x_wconf 86' lang='lat' dir='ltr'>audit;</span> <span class='ocrx_word' id='word_1_102' title='bbox 469 1625 540 1683; x_wconf 91' lang='lat' dir='ltr'>tum</span> <span class='ocrx_word' id='word_1_103' title='bbox 558 1620 594 1683; x_wconf 93' lang='lat' dir='ltr'>in</span> <span class='ocrx_word' id='word_1_104' title='bbox 609 1636 745 1701; x_wconf 83' lang='lat' dir='ltr'>specum</span> <span class='ocrx_word' id='word_1_105' title='bbox 763 1619 948 1701; x_wconf 87' lang='lat' dir='ltr'>degressus,</span> <span class='ocrx_word' id='word_1_106' title='bbox 976 1621 1099 1686; x_wconf 88' lang='lat' dir='ltr'>hausta</span> <span class='ocrx_word' id='word_1_107' title='bbox 1124 1619 1226 1685; x_wconf 87' lang='lat' dir='ltr'>fontis</span> <span class='ocrx_word' id='word_1_108' title='bbox 1252 1621 1373 1686; x_wconf 89' lang='lat' dir='ltr'>arcani</span> <span class='ocrx_word' id='word_1_109' title='bbox 1478 1673 1479 1676; x_wconf 63' lang='lat'>,</span> 
     </span>
     <span class='ocr_line' id='line_1_15' title="bbox 218 1723 1479 1806; baseline 0.002 -18"><span class='ocrx_word' id='word_1_110' title='bbox 218 1742 316 1806; x_wconf 91' lang='lat' dir='ltr'>aqna,</span> <span class='ocrx_word' id='word_1_111' title='bbox 340 1724 476 1804; x_wconf 85' lang='lat' dir='ltr'>ignarus</span> <span class='ocrx_word' id='word_1_112' title='bbox 501 1723 696 1805; x_wconf 91' lang='lat' dir='ltr'>plerumque</span> <span class='ocrx_word' id='word_1_113' title='bbox 726 1723 915 1788; x_wconf 89' lang='lat' dir='ltr'>litterarum</span> <span class='ocrx_word' id='word_1_114' title='bbox 945 1731 978 1788; x_wconf 90' lang='lat' dir='ltr'>et</span> <span class='ocrx_word' id='word_1_115' title='bbox 1009 1726 1197 1789; x_wconf 87' lang='lat' dir='ltr'>carminum</span> <span class='ocrx_word' id='word_1_116' title='bbox 1223 1724 1292 1790; x_wconf 92' lang='lat' dir='ltr'>edit</span> <span class='ocrx_word' id='word_1_117' title='bbox 1319 1743 1372 1790; x_wconf 91' lang='lat' dir='ltr'>re·</span> <span class='ocrx_word' id='word_1_118' title='bbox 1478 1739 1479 1776; x_wconf 81' lang='lat'>1</span> 
     </span>
    </p>
   </div>
   <div class='ocr_carea' id='block_1_4' title="bbox 175 1827 1379 4084">
    <p class='ocr_par' dir='ltr' id='par_1_5' title="bbox 177 1827 1374 2114">
     <span class='ocr_line' id='line_1_16' title="bbox 177 1827 1373 1912; baseline -0.001 -15"><span class='ocrx_word' id='word_1_119' title='bbox 177 1846 344 1909; x_wconf 74' lang='lat' dir='ltr'>responsa</span> <span class='ocrx_word' id='word_1_120' title='bbox 369 1827 521 1893; x_wconf 89' lang='lat' dir='ltr'>versibus</span> <span class='ocrx_word' id='word_1_121' title='bbox 546 1828 740 1909; x_wconf 89' lang='lat' dir='ltr'>compositis</span> <span class='ocrx_word' id='word_1_122' title='bbox 765 1846 866 1908; x_wconf 90' lang='lat' dir='ltr'>super</span> <span class='ocrx_word' id='word_1_123' title='bbox 895 1827 1007 1905; x_wconf 88' lang='lat' dir='ltr'>rebus,</span> <span class='ocrx_word' id='word_1_124' title='bbox 1038 1846 1121 1912; x_wconf 92' lang='lat' dir='ltr'>quas</span> <span class='ocrx_word' id='word_1_125' title='bbox 1152 1831 1227 1911; x_wconf 90' lang='lat' dir='ltr'>quis</span> <span class='ocrx_word' id='word_1_126' title='bbox 1257 1837 1373 1896; x_wconf 88' lang='lat' dir='ltr'>mente</span> 
     </span>
     <span class='ocr_line' id='line_1_17' title="bbox 219 1929 1374 2014; baseline 0.002 -17"><span class='ocrx_word' id='word_1_127' title='bbox 219 1933 381 2014; x_wconf 86' lang='lat' dir='ltr'>concepit.</span> <span class='ocrx_word' id='word_1_128' title='bbox 406 1933 445 1996; x_wconf 88' lang='lat' dir='ltr'>Et</span> <span class='ocrx_word' id='word_1_129' title='bbox 461 1932 632 1998; x_wconf 88' lang='lat' dir='ltr'>ferebatur</span> <span class='ocrx_word' id='word_1_130' title='bbox 648 1929 848 1996; x_wconf 90' lang='lat' dir='ltr'>Germanico</span> <span class='ocrx_word' id='word_1_131' title='bbox 873 1950 933 2013; x_wconf 92' lang='lat' dir='ltr'>per</span> <span class='ocrx_word' id='word_1_132' title='bbox 949 1931 1116 2014; x_wconf 81' lang='lat' dir='ltr'>ambages,</span> <span class='ocrx_word' id='word_1_133' title='bbox 1140 1938 1177 1997; x_wconf 88' lang='lat' dir='ltr'>ut</span> <span class='ocrx_word' id='word_1_134' title='bbox 1202 1951 1276 1998; x_wconf 91' lang='lat' dir='ltr'>mos</span> <span class='ocrx_word' id='word_1_135' title='bbox 1293 1952 1374 1999; x_wconf 88' lang='lat' dir='ltr'>ora-</span> 
     </span>
     <span class='ocr_line' id='line_1_18' title="bbox 220 2036 839 2114; baseline 0 -14"><span class='ocrx_word' id='word_1_136' title='bbox 220 2037 313 2114; x_wconf 87' lang='lat' dir='ltr'>culis,</span> <span class='ocrx_word' id='word_1_137' title='bbox 329 2043 498 2101; x_wconf 90' lang='lat' dir='ltr'>maturum</span> <span class='ocrx_word' id='word_1_138' title='bbox 515 2037 653 2101; x_wconf 87' lang='lat' dir='ltr'>exitium</span> <span class='ocrx_word' id='word_1_139' title='bbox 669 2036 839 2100; x_wconf 90' lang='lat' dir='ltr'>cecinisse.</span> 
     </span>
    </p>

    <p class='ocr_par' dir='ltr' id='par_1_6' title="bbox 217 2137 1376 2516">
     <span class='ocr_line' id='line_1_19' title="bbox 321 2137 1376 2221; baseline 0.001 -18"><span class='ocrx_word' id='word_1_140' title='bbox 321 2139 372 2204; x_wconf 81' lang='lat'>55.</span> <span class='ocrx_word' id='word_1_141' title='bbox 395 2138 439 2202; x_wconf 94' lang='lat' dir='ltr'>At</span> <span class='ocrx_word' id='word_1_142' title='bbox 456 2137 514 2204; x_wconf 88' lang='lat' dir='ltr'>Cn.</span> <span class='ocrx_word' id='word_1_143' title='bbox 529 2138 617 2216; x_wconf 88' lang='lat' dir='ltr'>Pis0,</span> <span class='ocrx_word' id='word_1_144' title='bbox 644 2158 710 2221; x_wconf 91' lang='lat' dir='ltr'>quo</span> <span class='ocrx_word' id='word_1_145' title='bbox 736 2139 976 2220; x_wconf 88' lang='lat' dir='ltr'>properantius</span> <span class='ocrx_word' id='word_1_146' title='bbox 1001 2139 1170 2205; x_wconf 90' lang='lat' dir='ltr'>destinata</span> <span class='ocrx_word' id='word_1_147' title='bbox 1194 2140 1376 2221; x_wconf 87' lang='lat' dir='ltr'>inciperet,</span> 
     </span>
     <span class='ocr_line' id='line_1_20' title="bbox 217 2242 1374 2310; baseline 0.002 -2"><span class='ocrx_word' id='word_1_148' title='bbox 217 2244 388 2308; x_wconf 89' lang='lat' dir='ltr'>civitatem</span> <span class='ocrx_word' id='word_1_149' title='bbox 404 2243 658 2307; x_wconf 90' lang='lat' dir='ltr'>Atheniensium</span> <span class='ocrx_word' id='word_1_150' title='bbox 675 2242 809 2306; x_wconf 91' lang='lat' dir='ltr'>turbido</span> <span class='ocrx_word' id='word_1_151' title='bbox 834 2243 968 2307; x_wconf 86' lang='lat' dir='ltr'>incessu</span> <span class='ocrx_word' id='word_1_152' title='bbox 993 2245 1190 2308; x_wconf 82' lang='lat' dir='ltr'>exterritam</span> <span class='ocrx_word' id='word_1_153' title='bbox 1214 2244 1374 2310; x_wconf 84' lang='lat' dir='ltr'>oratione</span> 
     </span>
     <span class='ocr_line' id='line_1_21' title="bbox 218 2343 1372 2430; baseline 0.003 -20"><span class='ocrx_word' id='word_1_154' title='bbox 218 2364 322 2410; x_wconf 90' lang='lat' dir='ltr'>saeva</span> <span class='ocrx_word' id='word_1_155' title='bbox 361 2347 523 2427; x_wconf 87' lang='lat' dir='ltr'>increpat,</span> <span class='ocrx_word' id='word_1_156' title='bbox 559 2345 691 2428; x_wconf 92' lang='lat' dir='ltr'>oblique</span> <span class='ocrx_word' id='word_1_157' title='bbox 729 2343 965 2411; x_wconf 86' lang='lat' dir='ltr'>Germanicum</span> <span class='ocrx_word' id='word_1_158' title='bbox 1003 2349 1240 2429; x_wconf 88' lang='lat' dir='ltr'>perstringens,</span> <span class='ocrx_word' id='word_1_159' title='bbox 1278 2349 1372 2430; x_wconf 92' lang='lat' dir='ltr'>quod</span> 
     </span>
     <span class='ocr_line' id='line_1_22' title="bbox 219 2449 1375 2516; baseline 0.002 -2"><span class='ocrx_word' id='word_1_160' title='bbox 219 2455 337 2515; x_wconf 88' lang='lat' dir='ltr'>eontra</span> <span class='ocrx_word' id='word_1_161' title='bbox 353 2450 455 2514; x_wconf 90' lang='lat' dir='ltr'>decus</span> <span class='ocrx_word' id='word_1_162' title='bbox 480 2450 624 2514; x_wconf 86' lang='lat' dir='ltr'>Romani</span> <span class='ocrx_word' id='word_1_163' title='bbox 648 2451 794 2515; x_wconf 90' lang='lat' dir='ltr'>nominis</span> <span class='ocrx_word' id='word_1_164' title='bbox 810 2468 878 2515; x_wconf 91' lang='lat' dir='ltr'>non</span> <span class='ocrx_word' id='word_1_165' title='bbox 902 2449 1125 2516; x_wconf 86' lang='lat' dir='ltr'>Athenienses</span> <span class='ocrx_word' id='word_1_166' title='bbox 1141 2457 1192 2516; x_wconf 88' lang='lat' dir='ltr'>tot</span> <span class='ocrx_word' id='word_1_167' title='bbox 1217 2450 1375 2516; x_wconf 87' lang='lat' dir='ltr'>cladibus</span> 
     </span>
    </p>

    <p class='ocr_par' dir='ltr' id='par_1_7' title="bbox 175 2553 1379 4084">
     <span class='ocr_line' id='line_1_23' title="bbox 191 2553 1375 2634; baseline -0.003 -10"><span class='ocrx_word' id='word_1_168' title='bbox 191 2554 412 2634; x_wconf 69' lang='lat' dir='ltr'>dexstinctos</span> <span class='ocrx_word' id='word_1_169' title='bbox 429 2555 487 2618; x_wconf 88' lang='lat' dir='ltr'>sed</span> <span class='ocrx_word' id='word_1_170' title='bbox 504 2553 693 2620; x_wconf 88' lang='lat' dir='ltr'>conluviem</span> <span class='ocrx_word' id='word_1_171' title='bbox 709 2554 800 2618; x_wconf 86' lang='lat' dir='ltr'>illem</span> <span class='ocrx_word' id='word_1_172' title='bbox 816 2555 992 2620; x_wconf 91' lang='lat' dir='ltr'>nationum</span> <span class='ocrx_word' id='word_1_173' title='bbox 1008 2555 1166 2620; x_wconf 89' lang='lat' dir='ltr'>comitate</span> <span class='ocrx_word' id='word_1_174' title='bbox 1191 2555 1296 2620; x_wconf 90' lang='lat' dir='ltr'>nimia</span> <span class='ocrx_word' id='word_1_175' title='bbox 1314 2575 1375 2621; x_wconf 91' lang='lat' dir='ltr'>eo-</span> 
     </span>
     <span class='ocr_line' id='line_1_24' title="bbox 217 2657 1376 2739; baseline 0.002 -16"><span class='ocrx_word' id='word_1_176' title='bbox 217 2658 362 2724; x_wconf 62' lang='lat' dir='ltr'>luissetr</span> <span class='ocrx_word' id='word_1_177' title='bbox 374 2658 437 2723; x_wconf 93' lang='lat' dir='ltr'>hos</span> <span class='ocrx_word' id='word_1_178' title='bbox 462 2659 551 2723; x_wconf 90' lang='lat' dir='ltr'>enim</span> <span class='ocrx_word' id='word_1_179' title='bbox 567 2676 640 2723; x_wconf 90' lang='lat' dir='ltr'>esse</span> <span class='ocrx_word' id='word_1_180' title='bbox 664 2657 868 2724; x_wconf 87' lang='lat' dir='ltr'>Mithridatis</span> <span class='ocrx_word' id='word_1_181' title='bbox 885 2659 1048 2723; x_wconf 89' lang='lat' dir='ltr'>adversus</span> <span class='ocrx_word' id='word_1_182' title='bbox 1064 2658 1201 2739; x_wconf 89' lang='lat' dir='ltr'>Sullam,</span> <span class='ocrx_word' id='word_1_183' title='bbox 1232 2658 1376 2725; x_wconf 91' lang='lat' dir='ltr'>Antonii</span> 
     </span>
     <span class='ocr_line' id='line_1_25' title="bbox 218 2761 1378 2844; baseline -0.002 -15"><span class='ocrx_word' id='word_1_184' title='bbox 218 2763 379 2830; x_wconf 86' lang='lat' dir='ltr'>adversus</span> <span class='ocrx_word' id='word_1_185' title='bbox 396 2763 508 2828; x_wconf 91' lang='lat' dir='ltr'>divum</span> <span class='ocrx_word' id='word_1_186' title='bbox 533 2762 718 2844; x_wconf 86' lang='lat' dir='ltr'>Augustum</span> <span class='ocrx_word' id='word_1_187' title='bbox 743 2762 864 2830; x_wconf 90' lang='lat' dir='ltr'>socios.</span> <span class='ocrx_word' id='word_1_188' title='bbox 892 2761 1002 2826; x_wconf 87' lang='lat' dir='ltr'>Etiam</span> <span class='ocrx_word' id='word_1_189' title='bbox 1024 2769 1142 2827; x_wconf 84' lang='lat' dir='ltr'>vetera</span> <span class='ocrx_word' id='word_1_190' title='bbox 1166 2761 1378 2844; x_wconf 86' lang='lat' dir='ltr'>obiectabat,</span> 
     </span>
     <span class='ocr_line' id='line_1_26' title="bbox 218 2864 1374 2951; baseline -0.001 -19"><span class='ocrx_word' id='word_1_191' title='bbox 218 2887 304 2951; x_wconf 92' lang='lat' dir='ltr'>quae</span> <span class='ocrx_word' id='word_1_192' title='bbox 329 2869 364 2931; x_wconf 93' lang='lat' dir='ltr'>in</span> <span class='ocrx_word' id='word_1_193' title='bbox 388 2867 588 2931; x_wconf 88' lang='lat' dir='ltr'>Macedones</span> <span class='ocrx_word' id='word_1_194' title='bbox 612 2866 819 2946; x_wconf 88' lang='lat' dir='ltr'>inprospere,</span> <span class='ocrx_word' id='word_1_195' title='bbox 843 2865 1008 2930; x_wconf 83' lang='lat' dir='ltr'>violenter</span> <span class='ocrx_word' id='word_1_196' title='bbox 1033 2867 1069 2929; x_wconf 92' lang='lat' dir='ltr'>in</span> <span class='ocrx_word' id='word_1_197' title='bbox 1094 2884 1172 2930; x_wconf 89' lang='lat' dir='ltr'>suos</span> <span class='ocrx_word' id='word_1_198' title='bbox 1198 2864 1374 2944; x_wconf 87' lang='lat' dir='ltr'>fecissent,</span> 
     </span>
     <span class='ocr_line' id='line_1_27' title="bbox 218 2969 1376 3052; baseline 0 -16"><span class='ocrx_word' id='word_1_199' title='bbox 218 2971 364 3036; x_wconf 83' lang='lat' dir='ltr'>offensus</span> <span class='ocrx_word' id='word_1_200' title='bbox 379 2970 455 3035; x_wconf 89' lang='lat' dir='ltr'>urbi</span> <span class='ocrx_word' id='word_1_201' title='bbox 471 2970 608 3052; x_wconf 90' lang='lat' dir='ltr'>propria</span> <span class='ocrx_word' id='word_1_202' title='bbox 624 2986 756 3051; x_wconf 89' lang='lat' dir='ltr'>quoque</span> <span class='ocrx_word' id='word_1_203' title='bbox 773 2969 833 3047; x_wconf 88' lang='lat' dir='ltr'>ira,</span> <span class='ocrx_word' id='word_1_204' title='bbox 856 2970 936 3051; x_wconf 90' lang='lat' dir='ltr'>quia</span> <span class='ocrx_word' id='word_1_205' title='bbox 953 2969 1175 3050; x_wconf 90' lang='lat' dir='ltr'>Theophilum</span> <span class='ocrx_word' id='word_1_206' title='bbox 1199 2970 1376 3052; x_wconf 90' lang='lat' dir='ltr'>quendam</span> 
     </span>
     <span class='ocr_line' id='line_1_28' title="bbox 175 3074 1376 3155; baseline -0.005 -8"><span class='ocrx_word' id='word_1_207' title='bbox 175 3093 209 3146; x_wconf 88' lang='lat'>10</span> <span class='ocrx_word' id='word_1_208' title='bbox 217 3077 306 3141; x_wconf 88' lang='lat' dir='ltr'>Areo</span> <span class='ocrx_word' id='word_1_209' title='bbox 323 3076 446 3140; x_wconf 91' lang='lat' dir='ltr'>iudicio</span> <span class='ocrx_word' id='word_1_210' title='bbox 463 3074 538 3140; x_wconf 83' lang='lat' dir='ltr'>falsi</span> <span class='ocrx_word' id='word_1_211' title='bbox 555 3075 750 3139; x_wconf 89' lang='lat' dir='ltr'>damnatum</span> <span class='ocrx_word' id='word_1_212' title='bbox 767 3074 924 3155; x_wconf 87' lang='lat' dir='ltr'>precihus</span> <span class='ocrx_word' id='word_1_213' title='bbox 945 3075 1015 3139; x_wconf 91' lang='lat' dir='ltr'>suis</span> <span class='ocrx_word' id='word_1_214' title='bbox 1040 3093 1108 3140; x_wconf 91' lang='lat' dir='ltr'>non</span> <span class='ocrx_word' id='word_1_215' title='bbox 1133 3075 1376 3141; x_wconf 87' lang='lat' dir='ltr'>concederent·</span> 
     </span>
     <span class='ocr_line' id='line_1_29' title="bbox 217 3176 1378 3261; baseline 0.002 -17"><span class='ocrx_word' id='word_1_216' title='bbox 217 3180 313 3244; x_wconf 85' lang='lat' dir='ltr'>Exim</span> <span class='ocrx_word' id='word_1_217' title='bbox 329 3179 544 3260; x_wconf 88' lang='lat' dir='ltr'>navigatione</span> <span class='ocrx_word' id='word_1_218' title='bbox 562 3177 662 3244; x_wconf 89' lang='lat' dir='ltr'>celeri</span> <span class='ocrx_word' id='word_1_219' title='bbox 687 3196 747 3258; x_wconf 90' lang='lat' dir='ltr'>per</span> <span class='ocrx_word' id='word_1_220' title='bbox 772 3176 939 3261; x_wconf 84' lang='lat' dir='ltr'>Cycladas</span> <span class='ocrx_word' id='word_1_221' title='bbox 969 3185 1002 3243; x_wconf 88' lang='lat' dir='ltr'>et</span> <span class='ocrx_word' id='word_1_222' title='bbox 1034 3179 1235 3260; x_wconf 88' lang='lat' dir='ltr'>compendia</span> <span class='ocrx_word' id='word_1_223' title='bbox 1266 3182 1378 3246; x_wconf 88' lang='lat' dir='ltr'>maris</span> 
     </span>
     <span class='ocr_line' id='line_1_30' title="bbox 219 3280 1378 3365; baseline 0 -17"><span class='ocrx_word' id='word_1_224' title='bbox 219 3282 413 3365; x_wconf 88' lang='lat' dir='ltr'>adsequitur</span> <span class='ocrx_word' id='word_1_225' title='bbox 424 3280 660 3348; x_wconf 86' lang='lat' dir='ltr'>Germanicum</span> <span class='ocrx_word' id='word_1_226' title='bbox 677 3282 767 3363; x_wconf 91' lang='lat' dir='ltr'>apud</span> <span class='ocrx_word' id='word_1_227' title='bbox 778 3282 923 3346; x_wconf 88' lang='lat' dir='ltr'>insulam</span> <span class='ocrx_word' id='word_1_228' title='bbox 939 3282 1103 3360; x_wconf 88' lang='lat' dir='ltr'>Rhodum,</span> <span class='ocrx_word' id='word_1_229' title='bbox 1119 3282 1209 3347; x_wconf 90' lang='lat' dir='ltr'>haud</span> <span class='ocrx_word' id='word_1_230' title='bbox 1221 3285 1378 3348; x_wconf 88' lang='lat' dir='ltr'>nescium</span> 
     </span>
     <span class='ocr_line' id='line_1_31' title="bbox 218 3384 1378 3470; baseline 0.002 -19"><span class='ocrx_word' id='word_1_231' title='bbox 218 3386 338 3470; x_wconf 91' lang='lat' dir='ltr'>quibus</span> <span class='ocrx_word' id='word_1_232' title='bbox 355 3385 633 3450; x_wconf 91' lang='lat' dir='ltr'>insectationibus</span> <span class='ocrx_word' id='word_1_233' title='bbox 648 3386 773 3466; x_wconf 90' lang='lat' dir='ltr'>petitus</span> <span class='ocrx_word' id='word_1_234' title='bbox 789 3384 893 3450; x_wconf 84' lang='lat' dir='ltr'>foret:</span> <span class='ocrx_word' id='word_1_235' title='bbox 926 3385 985 3450; x_wconf 88' lang='lat' dir='ltr'>sed</span> <span class='ocrx_word' id='word_1_236' title='bbox 1002 3391 1098 3450; x_wconf 87' lang='lat' dir='ltr'>tanta</span> <span class='ocrx_word' id='word_1_237' title='bbox 1113 3385 1378 3453; x_wconf 88' lang='lat' dir='ltr'>mansuetudine</span> 
     </span>
     <span class='ocr_line' id='line_1_32' title="bbox 219 3488 1377 3573; baseline 0 -17"><span class='ocrx_word' id='word_1_238' title='bbox 219 3491 350 3573; x_wconf 88' lang='lat' dir='ltr'>agebat,</span> <span class='ocrx_word' id='word_1_239' title='bbox 371 3496 417 3570; x_wconf 90' lang='lat' dir='ltr'>ut,</span> <span class='ocrx_word' id='word_1_240' title='bbox 441 3509 517 3554; x_wconf 90' lang='lat' dir='ltr'>eum</span> <span class='ocrx_word' id='word_1_241' title='bbox 532 3496 607 3554; x_wconf 87' lang='lat' dir='ltr'>orta</span> <span class='ocrx_word' id='word_1_242' title='bbox 623 3495 807 3570; x_wconf 87' lang='lat' dir='ltr'>tempestas</span> <span class='ocrx_word' id='word_1_243' title='bbox 822 3494 958 3568; x_wconf 88' lang='lat' dir='ltr'>raperet</span> <span class='ocrx_word' id='word_1_244' title='bbox 972 3489 1008 3551; x_wconf 91' lang='lat' dir='ltr'>in</span> <span class='ocrx_word' id='word_1_245' title='bbox 1024 3488 1169 3570; x_wconf 90' lang='lat' dir='ltr'>abrupta</span> <span class='ocrx_word' id='word_1_246' title='bbox 1190 3495 1377 3573; x_wconf 90' lang='lat' dir='ltr'>possetque</span> 
     </span>
     <span class='ocr_line' id='line_1_33' title="bbox 176 3590 1376 3675; baseline -0.002 -12"><span class='ocrx_word' id='word_1_247' title='bbox 176 3611 209 3668; x_wconf 84' lang='lat'>15</span> <span class='ocrx_word' id='word_1_248' title='bbox 218 3595 372 3660; x_wconf 87' lang='lat' dir='ltr'>interitus</span> <span class='ocrx_word' id='word_1_249' title='bbox 397 3593 523 3657; x_wconf 89' lang='lat' dir='ltr'>inimici</span> <span class='ocrx_word' id='word_1_250' title='bbox 548 3593 590 3657; x_wconf 89' lang='lat' dir='ltr'>ad</span> <span class='ocrx_word' id='word_1_251' title='bbox 606 3611 723 3657; x_wconf 85' lang='lat' dir='ltr'>casum</span> <span class='ocrx_word' id='word_1_252' title='bbox 738 3590 866 3670; x_wconf 88' lang='lat' dir='ltr'>referri,</span> <span class='ocrx_word' id='word_1_253' title='bbox 896 3592 1025 3658; x_wconf 90' lang='lat' dir='ltr'>miserit</span> <span class='ocrx_word' id='word_1_254' title='bbox 1039 3592 1195 3672; x_wconf 88' lang='lat' dir='ltr'>triremis,</span> <span class='ocrx_word' id='word_1_255' title='bbox 1226 3612 1376 3675; x_wconf 88' lang='lat' dir='ltr'>quarum</span> 
     </span>
     <span class='ocr_line' id='line_1_34' title="bbox 218 3694 1377 3780; baseline -0.001 -16"><span class='ocrx_word' id='word_1_256' title='bbox 218 3699 368 3764; x_wconf 89' lang='lat' dir='ltr'>subsidio</span> <span class='ocrx_word' id='word_1_257' title='bbox 384 3696 568 3761; x_wconf 89' lang='lat' dir='ltr'>discrimini</span> <span class='ocrx_word' id='word_1_258' title='bbox 584 3697 796 3761; x_wconf 85' lang='lat' dir='ltr'>eximeretur.</span> <span class='ocrx_word' id='word_1_259' title='bbox 819 3694 934 3777; x_wconf 90' lang='lat' dir='ltr'>Neque</span> <span class='ocrx_word' id='word_1_260' title='bbox 951 3702 1065 3760; x_wconf 89' lang='lat' dir='ltr'>tamen</span> <span class='ocrx_word' id='word_1_261' title='bbox 1080 3697 1252 3777; x_wconf 82' lang='lat' dir='ltr'>mitigatus</span> <span class='ocrx_word' id='word_1_262' title='bbox 1283 3697 1377 3780; x_wconf 92' lang='lat' dir='ltr'>Piso,</span> 
     </span>
     <span class='ocr_line' id='line_1_35' title="bbox 220 3798 1375 3882; baseline 0.001 -13"><span class='ocrx_word' id='word_1_263' title='bbox 220 3811 252 3869; x_wconf 91' lang='lat' dir='ltr'>et</span> <span class='ocrx_word' id='word_1_264' title='bbox 275 3803 332 3865; x_wconf 85' lang='lat' dir='ltr'>vix</span> <span class='ocrx_word' id='word_1_265' title='bbox 356 3802 422 3866; x_wconf 91' lang='lat' dir='ltr'>diei</span> <span class='ocrx_word' id='word_1_266' title='bbox 445 3819 576 3865; x_wconf 89' lang='lat' dir='ltr'>moram</span> <span class='ocrx_word' id='word_1_267' title='bbox 601 3819 779 3880; x_wconf 87' lang='lat' dir='ltr'>perpessus</span> <span class='ocrx_word' id='word_1_268' title='bbox 809 3800 929 3882; x_wconf 88' lang='lat' dir='ltr'>linquit</span> <span class='ocrx_word' id='word_1_269' title='bbox 961 3798 1199 3866; x_wconf 89' lang='lat' dir='ltr'>Germanicum</span> <span class='ocrx_word' id='word_1_270' title='bbox 1230 3818 1375 3880; x_wconf 87' lang='lat' dir='ltr'>praeve-</span> 
     </span>
     <span class='ocr_line' id='line_1_36' title="bbox 220 3901 1378 3988; baseline 0.007 -22"><span class='ocrx_word' id='word_1_271' title='bbox 220 3905 343 3984; x_wconf 89' lang='lat' dir='ltr'>nitque.</span> <span class='ocrx_word' id='word_1_272' title='bbox 379 3903 418 3965; x_wconf 84' lang='lat' dir='ltr'>Et</span> <span class='ocrx_word' id='word_1_273' title='bbox 440 3908 619 3983; x_wconf 89' lang='lat' dir='ltr'>postquam</span> <span class='ocrx_word' id='word_1_274' title='bbox 643 3901 775 3968; x_wconf 84' lang='lat' dir='ltr'>Suriam</span> <span class='ocrx_word' id='word_1_275' title='bbox 801 3921 841 3966; x_wconf 84' lang='lat' dir='ltr'>ac</span> <span class='ocrx_word' id='word_1_276' title='bbox 865 3902 1013 3982; x_wconf 87' lang='lat' dir='ltr'>legiones</span> <span class='ocrx_word' id='word_1_277' title='bbox 1033 3904 1150 3984; x_wconf 86' lang='lat' dir='ltr'>attigit,</span> <span class='ocrx_word' id='word_1_278' title='bbox 1180 3903 1378 3988; x_wconf 88' lang='lat' dir='ltr'>largitione,</span> 
     </span>
     <span class='ocr_line' id='line_1_37' title="bbox 222 4001 1379 4084; baseline 0.009 -17"><span class='ocrx_word' id='word_1_279' title='bbox 222 4004 358 4079; x_wconf 91' lang='lat' dir='ltr'>ambitu,</span> <span class='ocrx_word' id='word_1_280' title='bbox 373 4001 503 4066; x_wconf 90' lang='lat' dir='ltr'>infimos</span> <span class='ocrx_word' id='word_1_281' title='bbox 518 4004 775 4084; x_wconf 90' lang='lat' dir='ltr'>manipularium</span> <span class='ocrx_word' id='word_1_282' title='bbox 791 4004 948 4084; x_wconf 89' lang='lat' dir='ltr'>iuvando,</span> <span class='ocrx_word' id='word_1_283' title='bbox 964 4023 1039 4068; x_wconf 89' lang='lat' dir='ltr'>cum</span> <span class='ocrx_word' id='word_1_284' title='bbox 1050 4013 1180 4071; x_wconf 89' lang='lat' dir='ltr'>veteres</span> <span class='ocrx_word' id='word_1_285' title='bbox 1196 4012 1379 4076; x_wconf 88' lang='lat' dir='ltr'>centurio-</span> 
     </span>
    </p>
   </div>
   <div class='ocr_carea' id='block_1_5' title="bbox 0 0 1523 4430">
    <p class='ocr_par' dir='ltr' id='par_1_8' title="bbox 0 0 1523 4430">
     <span class='ocr_line' id='line_1_38' title="bbox 0 0 1523 4430; baseline 0 0"><span class='ocrx_word' id='word_1_286' title='bbox 0 0 1523 4430; x_wconf 95' lang='lat' dir='ltr'> </span> 
     </span>
    </p>
   </div>
  </div>
 </body>
</html>
