3010 4430
454 271 496 316 ΑΒ
512 271 652 320 excusso
668 271 807 318 aueusrr
823 251 844 316 l.
861 251 1000 317 tir-51.
1234 251 1276 316 29

121 423 197 512 dem
215 461 233 508 e
251 441 427 522 cubilibus,
442 459 527 525 quos
543 441 640 506 simul
656 442 826 506 vescentis
841 441 923 523 dies,
948 442 1045 507 simul
1061 443 1192 528 quietos
1208 461 1276 507 nox

121 547 299 634 habuerat,
323 545 500 622 discedunt
515 546 550 611 in
565 550 688 628 partes,
712 546 868 628 ingerunt
883 545 960 613 tela.
983 544 1119 613 Clamor
1133 547 1275 612 vulnera

120 654 258 734 sanguis
273 651 395 732 palam,
425 669 530 717 causa
548 651 583 715 in
600 649 752 729 occulto;
782 656 898 717 cetera
927 649 998 717 fors
1022 653 1115 735 regit.
1140 652 1180 717 Et
1197 653 1270 736 qui·
1296 669 1314 722 5

120 757 202 824 dam
214 756 382 821 bonorum
397 756 498 836 caesi,
523 759 702 838 postquam
718 754 888 822 intellecto
904 756 939 819 in
970 775 1054 839 quos
1085 759 1275 824 saeviretur

123 860 261 946 pessimi
276 878 409 942 quoque
425 878 521 925 arma
537 865 732 940 rapuerant.
755 857 870 941 Neque
887 858 1016 940 legatus
1041 865 1098 924 aut
1122 860 1277 925 tribunus

120 967 314 1032 moderator
330 963 453 1030 adfuit:
479 965 644 1046 permissa
668 965 767 1047 vulgo
793 964 930 1030 licentia
946 971 1047 1048 atque
1063 964 1146 1032 ultio
1162 971 1196 1030 et
1221 983 1274 1028 sa-

119 1071 230 1136 tietas.
267 1069 344 1135 Mox
373 1071 543 1151 ingressus
574 1075 688 1135 castra
713 1056 945 1148 Germanicus,
976 1087 1044 1134 non
1072 1069 1274 1134 medicinam

119 1175 202 1242 illud
233 1175 386 1257 plurimis
410 1193 485 1239 cunr
510 1174 667 1250 lacrimis
684 1173 743 1238 sed
768 1173 899 1239 cladem
922 1172 1106 1255 appellans,
1129 1173 1274 1238 cremari
1285 1189 1320 1242 10

120 1297 266 1362 corpora
280 1278 381 1344 iubet.

208 1383 333 1448 Truces
350 1384 452 1447 etiam
468 1388 538 1449 tum
554 1377 685 1446 animos
702 1381 823 1462 cupido
833 1381 961 1446 involat
972 1382 1073 1460 eundi
1088 1382 1122 1446 in
1133 1381 1274 1459 hostem,

121 1486 289 1569 piaculum
305 1485 444 1564 luroris;
466 1503 529 1550 aec
546 1484 645 1550 aliter
661 1503 761 1567 posse
777 1484 906 1565 placari
921 1485 1187 1550 commilitonum
1202 1503 1274 1549 ma·

120 1611 191 1672 nes,
214 1610 315 1674 quam
330 1591 359 1655 si
373 1589 567 1672 pectoribus
583 1589 694 1670 impiis
719 1590 863 1654 honesta
887 1589 1030 1654 vulnera
1053 1588 1273 1670 accepissent.

120 1695 281 1778 Sequitur
297 1693 454 1758 ardorem
473 1692 616 1757 militum
633 1691 760 1758 Caesar
784 1693 966 1776 iunctoque
990 1699 1092 1774 ponte
1117 1693 1274 1757 tramittit
1285 1709 1319 1762 15

119 1799 299 1864 duodecim
328 1796 421 1862 milia
451 1813 470 1861 e
501 1795 696 1878 legionibus,
726 1815 786 1862 sex
811 1804 844 1862 et
866 1797 985 1878 viginti
1016 1797 1126 1862 socias
1149 1793 1278 1862 cohorss

121 1906 173 1980 tis,
198 1908 275 1968 octo
300 1903 447 1988 equitum
473 1901 556 1978 alae,
585 1919 728 1983 quarum
743 1919 784 1967 aa
800 1901 967 1966 seditione
980 1902 1183 1967 intemerata
1199 1920 1272 1965 mo-

120 2007 233 2072 destia
247 2005 316 2070 luit.

227 2107 276 2175 50.
298 2109 394 2176 Laeti
411 2125 518 2190 neque
534 2107 651 2190 procul
667 2106 828 2173 Germani
844 2106 1028 2189 agitabant,
1052 2107 1132 2172 dum
1144 2107 1279 2174 iustitio·

119 2215 166 2280 ob
182 2215 343 2280 amissum
358 2211 554 2294 Augustum,
575 2218 652 2293 post
676 2211 855 2277 discordiis
871 2211 1061 2277 attinemur.
1085 2210 1130 2276 At
1145 2211 1272 2277 Roma·

119 2340 184 2386 nus
200 2320 333 2403 agmine
348 2338 493 2401 propero
518 2317 637 2384 silvam
664 2317 820 2384 Caesiam
850 2316 1056 2400 limitemque
1085 2338 1107 2382 a
1139 2317 1275 2384 Tiberio

120 2432 277 2508 coeptum
307 2423 440 2504 scindit,
470 2429 585 2488 castra
615 2421 649 2486 in
675 2422 781 2487 limite
794 2420 895 2500 locat,
925 2419 1071 2488 frontem
1087 2440 1128 2488 ac
1145 2429 1276 2504 tergum

119 2529 220 2607 vallo,
234 2528 344 2594 latera
358 2525 588 2593 concaedibus
603 2527 759 2591 munitus.
784 2525 866 2591 Inde
890 2525 996 2590 saltus
1017 2525 1180 2592 obscuros
1195 2535 1281 2608 per-‘
1301 2545 1319 2596 5

120 2639 212 2699 meat
233 2631 486 2722 consultatque,
515 2647 556 2696 ex
586 2629 718 2695 duobus
740 2628 921 2709 ,itineribus
944 2628 1049 2694 breve
1076 2636 1110 2694 et
1140 2629 1274 2694 solitum

120 2742 283 2820 sequatur
299 2753 346 2801 an
360 2733 542 2816 inpeditius
558 2739 593 2798 et
608 2733 846 2815 intemptatum
862 2749 968 2815 eoque
984 2731 1138 2798 hostibus
1158 2734 1274 2798 incau-

122 2851 203 2910 tum.
241 2841 379 2908 Delecta
417 2840 568 2924 longiore
605 2841 662 2906 via
699 2845 813 2905 cetera
853 2838 1112 2908 adcelerantur:
1147 2838 1276 2904 etenim

119 2947 306 3014 attulerant
320 2944 552 3028 exploratores
568 2943 690 3009 festam
706 2961 782 3007 eam
807 2940 986 3024 Germanis
1002 2948 1135 3008 noctem
1152 2959 1193 3006 aa
1209 2940 1275 3006 sol·

120 3048 287 3116 lemnibus
303 3047 407 3130 epulis
423 3046 595 3112 ludicram.
619 3043 767 3134 Caecina
787 3064 864 3110 cum
889 3044 1054 3128 expeditis
1078 3043 1320 3114 cohortibuste

121 3152 254 3237 praeire
269 3157 303 3216 et
319 3150 490 3216 obstantia
506 3149 666 3216 silvarum
693 3149 827 3216 amoliri
851 3147 1002 3214 iubetur:
1026 3146 1174 3228 legiones
1204 3166 1276 3213 mo·

120 3258 196 3322 dieo
213 3253 392 3336 intervallo
408 3259 601 3337 sequuntur.
623 3252 710 3318 Iuvit
729 3271 797 3317 nox
813 3250 979 3318 sideribus
1010 3237 1170 3331 inlustris,
1195 3271 1277 3318 vcn-

120 3368 259 3444 tumqoe
275 3358 317 3424 ad
332 3359 426 3426 vicos
442 3357 631 3424 Marsorum
656 3363 690 3422 ct
714 3355 945 3423 circumdatae
969 3355 1134 3422 stationes
1159 3359 1275 3423 stratis

119 3465 225 3532 etiam
241 3469 312 3529 tum
328 3481 388 3545 per
404 3461 530 3528 cubilia
555 3466 758 3544 propterque
782 3477 926 3537 mensas,
958 3459 1049 3525 nullo
1072 3465 1175 3538 metu,
1205 3478 1274 3525 non

118 3566 322 3650 antepositis
335 3564 474 3648 vigiliis:
499 3564 585 3630 adeo
601 3568 725 3629 cuncta
740 3563 871 3628 incuria
887 3563 1028 3629 disiecta
1043 3569 1143 3628 erant
1165 3580 1275 3645 neque
1285 3579 1319 3632 15

117 3671 200 3738 belli
216 3670 326 3750 timor,
350 3687 391 3734 ac
415 3687 459 3736 ne
476 3688 541 3751 pax
557 3668 693 3752 quidem
716 3667 782 3732 nisi
805 3666 963 3749 languida
994 3672 1027 3732 et
1051 3666 1163 3731 soluta
1186 3666 1275 3731 inter

119 3771 332 3842 temulentos

225 3873 278 3944 51.
300 3873 427 3942 Caesar
442 3874 561 3941 avidas
579 3873 738 3958 legiones,
766 3892 832 3957 quo
856 3873 956 3938 latior
981 3871 1153 3954 populatio
1177 3869 1275 3949 foret,

119 3982 284 4067 quattuor
299 3979 334 4045 in
359 3996 485 4046 cuneos
508 3977 681 4060 dispartit·;
695 4003 697 4006 ·
711 3977 953 4062 quinquaginta
976 3975 1104 4041 milium
1128 3975 1275 4057 spatium

120 4087 216 4152 tarro
231 4071 442 4170 flammisque
457 4086 638 4166 pervastat.
655 4080 729 4148 Non
746 4099 857 4161 sexus,
883 4098 952 4146 non
970 4083 1066 4146 aetas
1081 4078 1275 4148 miseratio-
