3010 4430
461 253 504 299 ss
520 253 662 300 nxoussu
677 253 817 302 suousrr
835 235 858 301 l.
873 235 988 300 8011.
1254 239 1293 301 11

139 439 256 503 versa3
281 423 562 505 proscriptionem
588 422 720 503 civium,
744 421 926 488 divisiones
957 441 1114 504 agrorum
1146 444 1190 492 ne
1216 427 1297 509 ipsis

140 523 277 607 quidem
294 524 478 612 quilecere
494 525 659 593 laudatas.
679 525 770 593 Sane
794 524 904 592 Cassii
929 534 962 592 et
978 527 1160 595 Brutorum
1186 530 1295 596 exitus

141 629 292 715 paternis
308 628 491 695 inimicitiis
506 629 615 711 datos,
629 649 835 713 quamquam
858 629 911 696 las
935 631 977 696 sit
992 632 1127 713 privata
1143 633 1223 699 odia
1239 653 1297 716 pu·

141 731 239 798 blicis
256 732 459 799 utilitatibus
475 733 665 799 remittere:
681 733 741 800 sed
756 733 951 815 Pompeium
967 734 1113 817 imagine
1123 739 1228 819 pacis,
1238 737 1318 804 sed.

142 835 303 918 Lepidum
319 837 433 918 specie
447 837 617 902 amicitiae
642 837 822 919 deceptos;
851 844 927 920 post
952 837 1146 919 Antonium,
1170 839 1341 910 Taren-15

131 941 216 1016 ,tino
232 940 504 1024 Brundisinoque
513 939 659 1026 ,foedere
675 947 709 1007 et
724 940 850 1022 nuptiis
874 941 1002 1008 sororis
1025 941 1195 1022 inlectam,
1210 942 1299 1008 sub·

144 1044 242 1110 dolac
259 1042 443 1109 adfinitatis
458 1062 587 1125 poenas
602 1050 712 1109 morte
729 1044 921 1111 exsolvisse.
951 1043 1076 1111 Pacem
1096 1045 1169 1111 sine
1195 1045 1297 1110 dubio
1315 1077 1323 1103 ε

130 1149 329 1231 posthaec,
352 1166 470 1220 verum
497 1156 689 1224 cruentam:
719 1148 890 1215 Lollianas
914 1148 1148 1234 Varianasque
1172 1149 1298 1234 plades‚

144 1254 342 1320 interlectos
357 1254 486 1320 Romae
501 1253 683 1334 Varrones,
709 1254 877 1337 Egnatius,
892 1253 991 1324 Iulos.
1019 1254 1090 1320 Nec
1105 1255 1299 1322 domesticis

144 1356 397 1423 abstinebatur:
423 1357 570 1422 abducta
588 1356 715 1423 Neroni
730 1377 817 1423 uxor
831 1365 864 1424 et
880 1357 1025 1424 consulti
1040 1377 1101 1441 per
1116 1358 1298 1424 ludibrium
1307 1377 1342 1431 90

146 1460 329 1542 pontifices,
345 1479 389 1526 an
404 1467 569 1542 concepto
585 1462 729 1528 necdum
745 1463 836 1528 edito
860 1472 960 1544 partu
984 1464 1049 1528 rite
1079 1462 1239 1544 nuberet3
1263 1464 1299 1544 Q.

146 1565 240 1630 Pedii
256 1571 290 1630 et
304 1564 402 1630 Vedii
417 1565 578 1631 Pollionis
592 1565 707 1646 luxus3
733 1572 905 1647 postremo
930 1566 1023 1632 Livia
1048 1567 1160 1649 gravis
1175 1568 1210 1632 in
1225 1586 1298 1633 rem

102 1706 106 1716 ·
145 1668 315 1765 publicam
331 1674 449 1749 mater,
464 1668 576 1750 gravis
593 1668 709 1740 domui
725 1667 910 1736 Caesarum
926 1681 1085 1738 noverca.
1110 1669 1201 1735 Nihil
1217 1670 1298 1735 deo-

145 1791 221 1838 rum
236 1770 424 1837 honoribus
439 1771 604 1854 relictum,
634 1792 710 1838 cum
738 1792 775 1838 se
801 1774 933 1856 templis
952 1779 986 1840 et
1002 1772 1108 1855 effigie
1123 1773 1298 1840 numinum

146 1894 205 1958 per
229 1875 383 1954 flamines
408 1883 441 1941 et
464 1877 660 1942 sacerdotes
684 1877 750 1943 ooli
767 1877 876 1942 vellet.
901 1876 950 1942 Ne
975 1876 1148 1942 Tiberium
1164 1876 1340 1960 quidemst

147 1981 291 2046 caritate
322 1985 381 2045 aut
404 1980 455 2045 rei
478 1979 634 2060 publicae
659 1998 742 2044 cura
770 1999 1000 2046 successorem
1032 1981 1210 2062 adscitum,
1239 1981 1299 2044 sed

147 2085 307 2168 quoniam
325 2084 560 2168 adrogantiam
576 2085 820 2168 saevitiamque
837 2086 910 2152 eius
933 2083 1181 2166 introspexerit,
1206 2103 1298 2150 com·

148 2189 326 2270 paratione
343 2189 525 2255 deterrima
540 2189 605 2254 sibi
622 2189 765 2273 gloriam
791 2189 1007 2273 quaesivisse.
1038 2188 1301 2270 Etenivaugu-

148 2299 221 2358 stus
235 2294 353 2376 paucis
369 2299 449 2359 ante
464 2294 572 2373 annis,
598 2312 675 2358 cum
692 2292 828 2359 Tiberio
852 2291 1069 2360 tribuniciam
1100 2298 1302 2375 potestatem

148 2416 171 2462 a
185 2397 340 2479 patribus
364 2416 498 2462 rursum
529 2397 728 2480 postularet,
752 2415 957 2480 quamquam
981 2397 1114 2462 honora
1138 2398 1346 2478 orationeso

151 2501 321 2584 quaedam
336 2500 378 2566 de
403 2500 522 2566 habitu
538 2501 698 2585 cultuque
718 2508 752 2566 et
776 2501 937 2568 institutis
962 2501 1034 2566 eius
1050 2502 1192 2581 iecerat,
1216 2519 1303 2583 quae

150 2605 242 2670 velut
257 2605 451 2670 excusando
478 2602 712 2686 exprobraret.
738 2611 888 2670 ceterum
912 2604 1087 2685 sepultura
1110 2622 1206 2669 more
1230 2622 1304 2685 per·

150 2708 240 2775 lecta
254 2707 416 2790 templum
432 2713 466 2772 et
481 2707 647 2773 caelestes
663 2707 843 2791 religiones
858 2708 1095 2774 decernuntur.

257 2815 306 2877 11.
329 2811 459 2878 Versae
473 2812 552 2877 inde
568 2812 613 2876 ad
628 2811 800 2877 Tiberium
825 2830 953 2894 preces.
978 2811 1018 2876 Et
1042 2811 1098 2876 ille
1114 2809 1207 2876 varie
1234 2810 1304 2876 dis-

149 2917 287 2983 serebat
317 2917 359 2982 de
384 2916 616 2998 magnitudine
641 2915 785 2998 imperii,
813 2935 876 2981 sua
899 2915 1074 2982 modestia.
1103 2913 1219 2982 Solam
1235 2914 1305 2981 divi

149 3019 292 3104 Augusti
306 3026 455 3090 mentem
470 3024 589 3085 tantae
605 3020 704 3084 molis
720 3038 900 3102 capacem:
931 3037 968 3084 se
992 3019 1027 3083 in
1051 3026 1184 3100 partem
1208 3036 1305 3082 oura-

150 3144 226 3206 rum
255 3124 300 3189 ab
330 3122 388 3189 1110
417 3130 577 3189 vocatum
602 3123 806 3205 experiendo
836 3123 992 3188 didicisse
1022 3140 1124 3205 quam
1154 3120 1306 3202 arduum,

151 3246 253 3312 quam
278 3227 467 3310 subiectum
492 3226 650 3292 fortunae
675 3227 813 3309 regendi
836 3231 959 3292 cuncta
980 3243 1074 3290 onus.
1095 3224 1244 3295 *Proinde
1270 3227 1305 3290 in
1330 3244 1348 3298 5

150 3331 290 3398 civitate
305 3335 356 3396 tot
371 3329 568 3418 inlustribus
584 3330 666 3395 viris
682 3328 827 3395 subnixa
842 3347 911 3394 non
928 3329 971 3393 ad
986 3348 1091 3394 unum
1110 3330 1225 3395 omnia
1249 3329 1307 3394 de-

152 3433 295 3513 ferrent:
313 3433 426 3515 plures
443 3433 574 3500 facilius
590 3433 706 3518 munia
721 3433 771 3499 rei
786 3432 943 3515 publicae
967 3433 1107 3498 sociatis
1131 3431 1306 3498 laboribus

153 3543 383 3603 exsecuturos.
413 3537 492 3622 Plus
507 3538 543 3602 in
569 3537 724 3603 oratione
740 3537 801 3602 tali
816 3536 988 3620 dignitatis
1003 3554 1106 3620 quam
1121 3535 1199 3602 lidei
1215 3543 1305 3615 erat;

152 3643 355 3727 Tiberioque
372 3644 475 3709 etiam
498 3645 534 3708 in
559 3643 669 3725 rebus,
694 3663 779 3726 quas
803 3663 872 3710 non
897 3643 1076 3725 occuleret,
1099 3662 1160 3709 seu
1184 3649 1308 3707 natura

153 3747 225 3812 sive
241 3748 472 3829 adsuetudine,
499 3765 664 3830 suspensa
688 3764 821 3830 semper
846 3752 880 3812 et
904 3746 1051 3813 obscura
1075 3746 1197 3813 verba:
1227 3752 1351 3817 tuncro

153 3869 236 3916 vero
251 3851 382 3934 nitenti,
406 3858 443 3915 ut
458 3869 578 3917 sensus
594 3869 674 3916 suos
692 3852 826 3932 penitus
847 3847 1001 3930 abderet,
1025 3851 1060 3913 in
1084 3850 1250 3916 incertum
1272 3858 1327 3915 et.

155 3954 349 4038 ambiguum
365 3955 472 4037 magis
488 3954 759 4037 implicabantur.
784 3953 829 4019 At
844 3959 969 4036 patres,
993 3952 1113 4036 quibus
1137 3969 1224 4019 unus
1240 3971 1308 4020 mc·

146 4077 206 4139 us,
222 4059 252 4123 si
263 4058 683 4141 intellegereviderentur,
699 4059 734 4122 in
751 4064 891 4140 questus
907 4055 1307 4130 lacrimasvotaeilundi;
