3010 4430
468 255 511 302 ns
526 253 668 300 nxcnssu
683 251 821 300 suuusrr
837 234 873 298 ll.
891 233 984 299 1-5.
1254 232 1296 298 te

137 447 313 512 regnoque
329 429 464 509 potitur.
487 427 584 492 Victo
601 425 735 490 Vononi
761 425 947 508 perfugium
971 425 1132 491 Armenia
1149 424 1219 504 fuit,
1235 443 1294 488 va-

137 552 207 598 cua
223 537 303 596 tunc
318 533 472 614 interque
488 531 690 596 Parthorum
707 536 740 595 et
756 531 928 596 Romanas
944 549 1026 611 opes
1043 529 1145 594 infida
1161 529 1205 594 ob
1221 547 1294 592 sce-

136 639 194 702 lus
209 637 355 714 Antonii,
380 637 436 719 qui
451 635 665 700 Artavasden
682 653 794 715 regem
810 633 1046 700 Armeniorum
1073 635 1186 713 specie
1212 634 1293 698 ami·
1322 647 1339 700 5

138 741 243 806 citiae
259 741 428 818 inlectum‚
445 739 523 804 dein
538 738 668 804 catenis
685 743 871 813 oneratum,
888 743 1058 818 postremo
1069 736 1294 802 interfecerat.

137 846 220 912 Eius
236 845 322 910 tilius
336 843 505 924 Artaxias,
522 843 684 908 memoria
700 843 806 923 patris
823 841 920 906 nobis
937 841 1096 922 infensus
1112 841 1294 906 Arsacida-

138 970 217 1015 rum
232 953 383 1033 viaeque
399 966 604 1030 regnumque
619 953 749 1012 tutatus
766 954 827 1012 est.
854 945 973 1012 Occiso
998 946 1141 1012 Artaxia
1157 965 1217 1028 per
1233 948 1294 1030 do-

138 1054 211 1118 lum
227 1055 501 1136 propinquorum,
525 1053 623 1117 datus
649 1050 831 1117 aCaesare
845 1051 1014 1116 Armeniis
1042 1050 1204 1132 Tigranes
1235 1051 1294 1116 de-

138 1159 327 1240 ductusque
343 1159 377 1222 in
393 1175 532 1238 regnum
549 1175 570 1221 a
586 1155 721 1220 Tiberio
737 1154 879 1220 Nerone.
909 1155 978 1220 Nec
1003 1155 1139 1238 Tigrani
1165 1156 1293 1220 diutur-
1306 1174 1339 1228 10

139 1281 223 1326 num
253 1261 430 1343 imperium
461 1260 523 1325 fuit
546 1279 655 1343 neque
680 1259 795 1325 liberis
820 1260 900 1339 eius,
930 1277 1134 1342 quamquam
1158 1261 1296 1326 sociatis

138 1383 237 1430 more
253 1372 393 1430 externo
409 1364 445 1428 in
461 1365 714 1429 matrimonium
729 1382 944 1446 regnumque.

249 1469 278 1534 4.
299 1468 381 1534 Dein
396 1468 489 1533 iussu
505 1466 646 1549 Augusti
662 1468 828 1548 inpositus
844 1467 1053 1532 Artavasdes
1079 1475 1112 1533 et
1137 1475 1206 1533 nun
1222 1470 1295 1534 sine

140 1572 241 1638 clade
256 1579 372 1638 nostra
388 1573 545 1638 deiectus.
577 1570 661 1635 Tum
687 1570 790 1637 Gaius
815 1571 942 1637 Caesar
962 1573 1217 1653 componendae
1232 1573 1294 1637 Ar-

137 1676 274 1741 meniae
291 1677 455 1758 deligitur.
478 1677 510 1740 Is
526 1674 790 1753 Ariobarzanen,
815 1676 943 1758 origine
969 1675 1111 1757 Medum,
1129 1677 1171 1742 ob
1188 1679 1292 1760 insig-

138 1798 219 1845 nem
235 1781 386 1862 corporis
401 1780 545 1845 formam
563 1786 596 1844 et
611 1780 824 1860 praeclarum
842 1781 990 1844 animum
1018 1781 1208 1846 volentibus
1233 1780 1295 1845 Ar-

138 1883 262 1947 meniis
278 1883 448 1964 praefeeit.
472 1883 704 1949 Ariobarzane
729 1890 837 1948 morte
863 1882 1001 1948 fortuita
1021 1883 1200 1966 absumpto
1217 1885 1289 1948 stir-
1321 1901 1336 1950 5

139 2005 219 2070 pem
235 1988 306 2052 eius
321 1989 411 2053 haud
428 1989 618 2054 toleravere
628 2014 637 2069 ;
662 1993 892 2069 temptatoque
909 1987 1054 2052 feminae
1071 1987 1223 2068 imperia,
1240 1991 1294 2053 cui

138 2109 266 2156 nomen
282 2089 393 2170 Enete,
417 2110 523 2175 eaque
539 2091 635 2156 brevi
660 2091 765 2172 pulsa,
789 2091 910 2156 incerti
935 2090 1100 2174 solutique
1129 2098 1161 2156 et
1187 2095 1293 2174 magis

139 2196 216 2260 sine
233 2194 367 2260 domino
384 2215 486 2280 quam
501 2197 535 2260 in
551 2195 706 2260 libertate
723 2194 899 2277 profugum
918 2195 1086 2260 Vononen
1102 2197 1138 2259 in
1154 2215 1293 2280 regnum

139 2299 322 2379 accipiunt.
345 2298 411 2365 Sed
427 2299 485 2364 ubi
501 2300 651 2364 minitari
667 2299 862 2364 Artabanus
879 2305 912 2364 et
937 2317 1056 2380 parum
1087 2300 1228 2366 subsidii
1259 2303 1294 2367 in

138 2401 321 2484 Armeniis,
336 2403 397 2484 vel,
413 2405 574 2469 sinestra
590 2405 623 2468 vi
634 2402 880 2482 defenderetur,
891 2403 1015 2468 bellum
1033 2405 1196 2470 adversus
1213 2406 1338 2478 Par-10

138 2507 220 2572 thos
235 2507 435 2572 sumendum
452 2513 534 2587 erat,
554 2513 667 2572 rector
683 2507 801 2590 Syriae
817 2505 969 2572 Creticus
986 2507 1121 2573 Silanus
1147 2509 1293 2574 excitum

138 2609 296 2676 custodia
312 2610 505 2690 circumdat,
521 2617 680 2676 manente
696 2610 776 2674 luxu
793 2617 826 2676 et
842 2612 934 2692 regio
954 2612 1099 2677 nomine.
1131 2612 1227 2692 Quod
1244 2613 1293 2676 lu-

137 2712 288 2778 dibrium
304 2721 340 2778 ut
356 2715 500 2795 effugere
516 2715 695 2796 agitaverit
713 2715 881 2793 Vonones,
899 2715 933 2778 in
950 2715 1025 2779 loco
1042 2716 1231 2781 reddemus.

246 2817 275 2882 5.
298 2816 452 2882 Ceterum
477 2817 613 2883 Tiberio
638 2817 728 2884 haud
755 2819 922 2898 ingratum
940 2819 1063 2883 accidit
1094 2818 1223 2883 turbari
1239 2837 1293 2883 res

137 2920 297 3000 Orientis,
328 2928 366 2986 ut
381 2940 422 2987 ea
438 2922 550 3005 specie
566 2921 804 2988 Germanicum
822 2922 926 2986 suetis
957 2922 1144 3005 legionibus
1160 2922 1292 2988 abstra-

138 3028 238 3092 heret
254 3028 415 3109 novisque
432 3028 614 3108 provinciis
639 3027 822 3107 inpositum
854 3026 931 3091 dolo
963 3027 1061 3091 simul
1093 3033 1126 3092 et
1157 3027 1292 3093 casibus

138 3130 337 3196 oblectaret.
361 3129 404 3194 At
429 3131 494 3210 ille,
518 3137 646 3214 quanto
663 3131 797 3195 acriora
814 3131 848 3194 in
865 3149 941 3196 eum
972 3131 1083 3195 studia
1099 3131 1243 3196 militum
1260 3141 1294 3198 et

137 3251 263 3300 aversa
277 3235 389 3315 patrui
405 3234 571 3314 voluntas
591 3234 792 3300 celerandae
818 3235 980 3298 victoriae
998 3234 1169 3314 intentior,
1199 3242 1291 3302 trac·
1320 3256 1336 3304 e

138 3343 216 3402 tare
231 3338 435 3418 proeliorum
450 3338 524 3402 vias
541 3344 573 3402 et
589 3338 755 3421 quaesibi
777 3338 913 3402 tertium
937 3339 1007 3402 iam
1038 3357 1164 3403 annum
1195 3339 1291 3406 belli-

137 3441 272 3523 geranti
288 3459 392 3506 saeva
409 3441 462 3506 vel
478 3459 643 3522 prospera
660 3443 860 3507 evenissent.
885 3441 992 3505 Fundi
1013 3441 1200 3508 Germanos
1220 3445 1292 3533 acie

138 3551 174 3610 et
191 3545 287 3608 iustis
303 3545 395 3625 locis,
410 3545 519 3609 iuvari
535 3545 637 3624 silvie,
653 3545 839 3626 paludibus,
865 3545 960 3610 brevi
977 3553 1108 3611 aestate
1136 3553 1168 3612 et
1193 3565 1290 3626 prae-

136 3655 274 3714 matura
290 3649 417 3727 hieme3
442 3669 539 3713 suum
555 3649 693 3714 militem
710 3649 800 3714 haud
826 3649 965 3730 perinde
983 3631 1175 3714 vulneribus
1191 3667 1290 3731 quam

137 3752 260 3834 spatiis
275 3752 442 3830 itinerum,
466 3752 590 3817 damno
615 3771 786 3818 armorum
811 3752 928 3832 adfici;
960 3753 1067 3818 fessas
1084 3751 1210 3816 Gallias
1227 3752 1289 3816 mi·
1305 3772 1336 3822 to

137 3856 324 3920 nistrandis
334 3857 429 3938 equis
440 3877 446 3936 ;
458 3857 593 3938 longum
606 3857 921 3946 impedimentorum
932 3876 1051 3939 agmen
1064 3862 1290 3936 opportunum

137 3957 184 4023 ad
199 3959 348 4038 insidias
359 3959 612 4025 defensantibus
623 3962 782 4043 iniquum.
798 3959 843 4024 At
853 3961 881 4024 si
892 3968 985 4024 mare
996 3961 1148 4038 intretur,
1159 3963 1291 4042 promp-

136 4069 210 4128 tam
227 4063 309 4143 ipsis
324 4065 571 4144 possessionem
582 4071 616 4128 et
631 4064 784 4129 hostibus
795 4065 952 4146 ignotam,
968 4063 1066 4127 simul
1082 4063 1207 4128 bellum
1223 4083 1292 4128 ma-

192 4199 292 4244 sis-na.
309 4199 445 4252 ramesey:
461 4199 659 4243 astruamus.
1232 4186 1249 4236 4
