3010 4430
475 293 517 340 aa
533 294 674 342 axcassu
691 294 830 344 ruausrr
846 277 867 340 l.
883 275 1020 344 25-29.
1253 271 1294 344 19'

142 482 206 547 que
222 463 343 544 lapidis
358 465 428 530 ictu
444 471 605 530 cruentus
622 470 655 529 et
671 465 764 530 exitii
781 472 892 530 certus
909 467 1054 531 adcursu
1071 467 1293 534 multitudinis
1304 487 1337 541 10

142 587 229 652 quae
245 587 321 634 cum
336 568 443 634 Druso
461 569 647 634 advenerat
663 575 843 650 protectus
853 577 912 634 est.

245 673 295 738 28.
319 673 461 740 Noctem
477 675 644 740 minacem
661 681 694 738 et
710 675 744 738 in
756 675 865 740 scelus
876 682 1070 757 erupturam
1081 677 1151 745 fors
1161 680 1295 746 lenivit:

143 795 221 842 nam
238 777 320 842 luna
335 779 427 843 claro
444 784 583 859 repente
599 779 694 843 caelo
710 779 782 844 visa
807 779 1031 860 languescere.
1062 782 1098 846 ld
1122 785 1218 849 miles
1242 803 1295 850 ra·

144 881 244 946 tionis
259 882 395 962 ignarus
411 900 511 948 omen
536 883 764 963 praesentium
790 883 929 963 accepit,
959 885 1028 948 suis
1044 885 1218 951 laboribus
1235 889 1294 952 de-

144 983 323 1051 fectionem
339 969 459 1051 sideris
474 986 692 1065 adsimulans,
717 1003 945 1068 prospereque
963 1005 1101 1054 cessura
1127 1007 1194 1072 qua
1218 1010 1295 1072 per-

143 1096 267 1172 gerent,
297 1091 326 1156 si
351 1090 459 1174 fulgor
484 1097 517 1157 et
543 1091 709 1156 claritudo
735 1091 819 1156 deae
843 1092 1050 1158 redderetur.
1088 1093 1189 1177 Igitur
1206 1098 1295 1162 aeris
1321 1116 1339 1168 5

144 1213 238 1274 sono,
255 1194 414 1260 tubarum
430 1213 662 1277 cornuumque
678 1201 846 1260 concentu
862 1202 1030 1278 strepere;
1061 1205 1161 1279 prout
1186 1201 1295 1282 splen·
1317 1210 1319 1216 ’

144 1299 253 1363 didior
269 1299 498 1378 obscuriorve,
528 1298 649 1378 laetari
674 1304 733 1362 aut
759 1317 929 1380 maerere;
958 1307 991 1367 et
1007 1309 1186 1384 postquam
1202 1312 1298 1372 ortae

144 1402 251 1468 nubes
268 1401 412 1468 offecere
427 1403 513 1466 visui
530 1401 763 1483 creditumque
783 1403 954 1467 conditam
979 1405 1136 1486 tenebris,
1166 1413 1203 1472 ut
1218 1415 1296 1473 suut

146 1506 286 1572 mobiles
303 1508 347 1572 ad
364 1507 638 1588 superstitionem
654 1506 831 1588 perculsae
839 1508 945 1572 semel
956 1516 1094 1591 mentes,
1110 1512 1174 1576 sibi
1185 1520 1295 1578 aeter·-

144 1631 224 1676 num
249 1611 400 1678 laborem
426 1611 590 1692 portendi,
621 1630 682 1676 sua
707 1610 861 1677 facinora
886 1615 1037 1680 aversari
1061 1616 1143 1682 deos
1165 1615 1339 1690 lamen-10

143 1721 267 1781 tantur.
299 1715 465 1782 Utendum
482 1715 703 1780 inclinatione
721 1733 762 1780 ea
778 1713 904 1780 Caesar
930 1723 963 1782 et
979 1737 1066 1800 quae
1082 1739 1181 1786 casus
1197 1723 1296 1786 obtu-

143 1820 230 1888 lerat
246 1822 282 1887 in
299 1821 501 1901 sapientiam
517 1820 681 1886 vertenda
696 1827 792 1884 ratus
817 1823 987 1887 circumiri
1014 1828 1162 1892 tentoria
1185 1827 1296 1908 iubet3

144 1927 276 1991 accitur
292 1927 446 1991 centurio
471 1923 626 1990 Clemens
643 1930 676 1990 et
693 1925 722 1988 si
738 1924 796 1989 alii
812 1925 911 1990 bonis
927 1928 1058 1993 artibus
1073 1931 1158 2011 grati
1174 1931 1208 1994 in
1224 1932 1297 1996 vul-

145 2047 217 2111 gus.
247 2029 286 2094 Hi
303 2028 435 2110 vigiliis,
450 2027 662 2107 stationibus
696 2028 859 2092 custodiis
884 2035 1058 2110 portarum
1082 2051 1118 2096 se
1137 2033 1297 2114 inserunt,

144 2150 242 2214 spem
258 2131 410 2213 offerunt,
425 2137 551 2198 metum
568 2131 756 2196 intendunt.
773 2131 854 2212 ‘Quo
873 2149 979 2215 usque
994 2133 1097 2199 tilium
1114 2136 1341 2219 imperato-15

143 2237 191 2302 ris
207 2235 463 2308 obsidebimus?
482 2236 557 2319 quis
573 2236 797 2301 certaminum
813 2235 916 2300 finis?
942 2237 1177 2305 Percennione
1192 2248 1226 2307 et
1241 2242 1297 2307 Vi-
1332 2245 1333 2248 ’

144 2340 269 2406 buleuo
286 2345 537 2406 sacramentum
557 2340 679 2404 dicturi
697 2344 839 2408 sumus?
870 2339 1078 2407 Percennius
1103 2351 1137 2409 et
1161 2337 1298 2412 Vibule-

143 2463 208 2509 nus
233 2444 403 2524 stipendia
427 2444 599 2519 militibus,
623 2462 723 2526 agros
748 2444 896 2509 emeritis
916 2444 1130 2527 largientur?
1153 2433 1298 2532 denique

143 2568 206 2631 pro
224 2547 414 2614 Neronibus
432 2554 465 2613 et
480 2547 598 2612 Drusis
614 2548 792 2630 imperium
807 2546 923 2629 populi
939 2548 1083 2615 Romani
1092 2554 1299 2632 capessent?

142 2653 232 2734 Quin
247 2653 367 2734 potius,
383 2651 603 2717 utnorissimi
619 2651 653 2718 in
669 2653 813 2733 eulpam,
828 2653 877 2717 ita
891 2653 990 2732 primi
1001 2654 1043 2717 ad
1054 2655 1297 2736 paenitentiam
1308 2675 1342 2726 ao

142 2777 260 2824 sumus
271 2757 288 2820 t>
300 2757 413 2822 Tarda
423 2761 501 2820 sunt
515 2755 647 2839 quaein
658 2774 835 2820 commune
846 2757 1118 2838 expostulentur:
1132 2759 1298 2841 privatam

142 2863 288 2946 gratiam
303 2863 417 2927 statim
433 2878 595 2937 mereare,
612 2860 727 2924 statim
747 2861 910 2942 recipias'
933 2859 1119 2927 Commotis
1135 2882 1195 2944 per
1210 2865 1295 2930 haec

143 2965 314 3032 mentibus
331 2970 364 3030 et
379 2966 466 3030 inter
482 2983 519 3029 se
535 2964 709 3044 suspectis,
732 2963 877 3029 tironem
904 2984 925 3029 a
940 2970 1110 3045 veterano,
1135 2967 1299 3049 legionem

145 3089 168 3136 a
192 3071 325 3152 legione
351 3069 544 3134 dissociant.
567 3067 653 3132 Tum
678 3067 789 3132 redire
814 3067 977 3149 paulatim
1003 3086 1098 3133 amor
1128 3070 1298 3154 obsequii:

143 3175 305 3240 omittunt
321 3177 446 3255 portas,
477 3172 572 3255 signa
598 3191 702 3236 unum
727 3171 761 3234 iu
787 3170 897 3234 locum
928 3171 1093 3252 principio
1124 3174 1342 3292 seditionisns

142 3283 351 3360 congregata
366 3294 446 3340 suas
461 3277 497 3340 in
513 3275 610 3341 sedes
626 3273 828 3340 referunt.

77 3361 83 3374 ⁸
250 3381 300 3446 29
323 3380 449 3446 Drusus
465 3385 541 3446 orto
558 3379 612 3445 die
629 3385 662 3444 et
677 3383 801 3445 vocata
811 3378 980 3460 controne,
990 3397 1196 3464 quamquam
1206 3382 1298 3446 rudis

141 3486 289 3565 dicendi,
303 3484 483 3550 nobilitate
498 3484 649 3565 ingenita
663 3483 798 3547 incusat
813 3483 938 3564 priora,
954 3483 1076 3564 probat
1087 3486 1299 3568 praesentia;¹

142 3595 247 3673 negat
261 3607 299 3654 se
315 3595 445 3656 terrore
462 3594 496 3652 et
511 3587 611 3652 minis
626 3587 734 3652 vinci:
759 3585 865 3651 flexos
881 3588 924 3652 ad
940 3589 1141 3654 modestiam
1157 3589 1185 3653 si
1202 3588 1297 3654 vide-

141 3703 192 3776 at,
208 3697 238 3761 si
253 3695 422 3777 supplices
438 3694 563 3774 audiat,
579 3693 784 3775 scripturum
804 3694 892 3774 patri
909 3700 945 3758 ut
961 3695 1115 3775 placatus
1130 3693 1298 3776 legionum

142 3821 266 3886 preces
282 3801 464 3883 exciperet.
480 3798 663 3866 Orantibus
680 3819 813 3864 rursum
829 3800 917 3865 idem
934 3800 1074 3866 Blaesus
1090 3807 1124 3866 et
1139 3800 1172 3865 L.
1188 3799 1297 3906 Apro·
1325 3821 1342 3872 5

142 3907 232 3987 nius,
262 3923 365 3990 eques
392 3905 565 3970 Romanus
590 3922 609 3969 e
634 3903 774 3969 cohorte
799 3903 908 3983 Drusi,
923 3903 1100 3988 Iustusque
1125 3901 1189 3969 Cat
1175 3899 1298 3985 tonius,

142 4011 246 4092 prinu
237 4010 390 4076 ordinis
406 4008 569 4087 centurie,
586 4007 629 4072 ad
647 4005 817 4070 Tiberium
833 4007 1019 4070 mittuntur.
1030 4003 1205 4100 Certatum
1221 3989 1300 4085 iride'

140 4114 333 4192 sententiis,
357 4131 433 4177 cum
448 4111 505 4176 alii
521 4108 748 4193 opperiendos
764 4103 892 4189 legatos
918 4109 1044 4190 atque
1035 4114 1085 4173 rut
1087 4109 1170 4173 erim
1193 4107 1301 4172 conii-

1204 4226 1238 4278 Ξ*
