3010 4430
437 239 479 283 nn
495 195 789 288 excussunnausrr
806 218 842 282 ll.
856 218 994 286 34-38.
1223 222 1268 288 63

115 426 193 474 earn
210 411 413 477 sententiam
430 409 529 475 altius
546 415 724 489 penetrare
742 416 775 472 et
790 427 918 474 arcana
943 409 1074 490 imperii
1098 414 1267 493 temptari.

116 512 272 578 Tiberius
305 520 427 590 tamen,
456 515 553 596 quasi
584 520 761 594 augeretur
792 520 942 594 potestas
982 515 1062 590 eius
1092 516 1266 582 disseruit:

115 635 219 698 grave
235 617 461 682 moderationi
477 635 559 682 suae
575 623 624 682 tot
650 615 778 697 eligere,
796 623 846 680 tot
862 617 1004 683 dillerre.
1028 617 1092 682 Vix
1113 638 1173 702 per
1197 623 1268 685 sin·

115 721 211 801 gulos
228 739 337 785 annos
353 720 555 786 offensiones
570 721 679 800 vitari,
704 721 858 804 quamvis
882 723 1052 802 repulsam
1077 725 1267 808 propinqua

114 843 194 904 spes
209 825 354 890 soletur:
385 831 549 908 quantum
579 826 647 890 odii
673 823 744 890 fore
761 824 804 891 ab
822 826 872 904 ile,
897 827 954 908 qui
970 827 1060 891 ultra
1076 829 1313 914 quinquen-10

116 930 210 992 nium
226 927 461 1009 proiciantur?
478 929 573 996 Unde
587 930 733 1011 prospici
744 948 939 1012 possequae
950 931 1151 1013 cuiquetam
1167 933 1266 1014 longo

116 1033 279 1112 temporis
295 1034 403 1113 spatio
420 1052 523 1111 mens,
553 1034 681 1111 domus
713 1033 877 1100 fortuna?
902 1033 1083 1114 Superbire
1113 1036 1277 1101 homines

117 1138 219 1202 etiam
237 1155 349 1202 annua
366 1138 613 1218 designatione:
630 1138 708 1220 quid
720 1139 748 1202 si
758 1138 921 1203 honorem
933 1158 992 1220 per
1002 1139 1267 1222 quinquennium

117 1243 272 1323 agitent?
303 1242 567 1324 Quinquiplicari
593 1261 731 1324 prorsus
747 1244 974 1324 magistratus
1003 1244 1153 1309 subverti
1168 1245 1266 1328 leges,

117 1365 206 1428 quae
221 1366 283 1411 sua
299 1349 409 1427 spatia
425 1347 635 1411 exercendae
666 1347 923 1412 candidatorum
953 1348 1138 1414 industriae
1165 1353 1265 1431 quae·
1279 1368 1313 1420 15

119 1450 299 1534 rendisque
323 1457 381 1516 aut
406 1451 578 1533 potiundis
593 1450 778 1515 honoribus
795 1452 984 1516 statuerint.
1009 1452 1203 1517 Favorabili
1232 1455 1268 1516 in

121 1557 265 1634 speciem
281 1558 436 1624 oratione
451 1557 517 1623 vim
535 1556 667 1638 imperii
683 1557 798 1622 tenuit.

140 1693 142 1696 -
225 1644 275 1708 37.
299 1642 496 1726 Censusque
512 1643 723 1726 quorundam
743 1647 939 1708 senatorum
957 1643 1048 1708 iuvit.
1073 1643 1145 1722 Quo
1164 1647 1270 1727 magis

119 1748 240 1811 mirum
257 1747 431 1831 luit,qu0d
456 1766 573 1828 preces
603 1746 708 1811 Marci
738 1746 878 1824 Hortali,
911 1746 1034 1811 nobilis
1064 1747 1204 1827 iuvenis,
1233 1749 1269 1811 in

120 1858 319 1936 paupertate
336 1850 515 1916 manifesta
532 1850 709 1931 superbius
726 1851 921 1931 accepisset.
938 1849 1049 1930 Nepos
1066 1857 1140 1914 erat
1156 1858 1268 1916 orato·
1357 1832 1363 1846 “
1466 1841 1467 1848 '

120 1955 164 2017 ris
180 1954 360 2034 Hortensii,
376 1955 518 2020 inlectus
529 1975 550 2018 a
569 1955 645 2020 divo
659 1954 807 2036 Augusto
824 1953 1028 2018 liberalitate
1044 1955 1180 2036 deciens
1196 1974 1267 2020 ses-

120 2059 210 2122 tertii
227 2058 350 2124 ducere
367 2078 514 2136 uxorem,
539 2060 710 2140 suscipere
727 2057 861 2137 liberoS,
877 2075 919 2121 ne
936 2056 1124 2121 clarissima
1140 2056 1268 2124 familia
1295 2077 1315 2130 5

120 2165 399 2246 exstingueretur.
424 2165 524 2246 lgitur
540 2171 700 2246 quattuor
717 2163 791 2228 tiliis
803 2169 881 2228 ante
891 2164 993 2228 limen
1004 2164 1119 2228 euriae
1130 2165 1269 2228 adstan-

120 2267 218 2346 tibus,
234 2269 309 2333 loeo
327 2270 524 2348 sententiae,
540 2289 615 2334 cum
626 2271 661 2334 in
677 2268 808 2336 Palatio
819 2273 956 2332 senatus
967 2268 1158 2347 haberetur,
1169 2269 1270 2334 modo

121 2371 290 2436 Hortensii
306 2374 393 2437 inter
410 2379 564 2438 oratores
581 2373 680 2437 sitam
697 2374 885 2454 imaginem,
908 2372 1007 2436 modo
1024 2371 1164 2454 Augusti
1179 2375 1270 2438 intu-

123 2494 190 2556 ens,
206 2477 250 2540 ad
267 2477 356 2541 hunc
372 2477 507 2541 modurn
524 2477 652 2558 coepit:
687 2477 818 2541 ‘Patres
834 2477 1026 2557 conscripti,
1039 2477 1112 2557 hos
1128 2496 1270 2560 quorum

122 2597 297 2643 numerum
316 2587 348 2644 et
365 2581 545 2661 pueritiam
560 2580 690 2659 videtis,
721 2599 805 2662 non⁴
821 2587 941 2663 sponte
972 2581 1090 2644 sustuli
1116 2581 1174 2646 sed
1191 2582 1270 2664 quia
1281 2597 1317 2651 10

123 2681 471 2773 princepsssmonebam
495 2685 593 2748 simul
609 2687 756 2750 maiores
772 2686 838 2750 mei
854 2690 1049 2749 meruerant
1062 2690 1099 2747 ut
1116 2691 1272 2766 posteros

122 2785 295 2853 haberent.
319 2787 407 2853 Nam
425 2807 494 2870 ego,
510 2789 567 2871 qui
584 2807 653 2854 non
669 2789 857 2869 pecuniam,
872 2807 940 2853 non
957 2788 1067 2852 studia
1083 2788 1197 2869 populi
1212 2807 1270 2854 ne-

122 2907 188 2970 que
203 2891 436 2975 eloquentiam,
453 2893 573 2974 gentile
590 2894 709 2958 domus
719 2900 856 2958 nostrae
868 2893 1002 2971 bonum,
1011 2892 1176 2956 varietate
1187 2898 1269 2956 tem-

123 3011 241 3072 porum
257 2997 412 3078 accipere
428 2999 480 3062 vel
498 3016 618 3078 parare
635 2999 828 3078 potuissem,
854 2998 936 3061 satis
952 2995 1130 3074 habebam,
1159 2996 1189 3058 si
1218 3003 1270 3060 te·
1331 2995 1334 3002 '

125 3109 205 3164 nue's
220 3119 274 3166 res
292 3120 388 3167 meae
404 3121 466 3167 nec
491 3102 572 3166 mihi
598 3103 718 3183 pudori
742 3121 805 3167 nec
836 3103 993 3184 cuiquam
1023 3099 1269 3186 onerixforent.
1284 3117 1317 3171 15

126 3201 233 3269 lussus
250 3205 293 3269 ab
310 3206 512 3287 imperatore
529 3225 667 3271 uxorem
685 3207 772 3269 duxi.
798 3206 846 3269 En
862 3206 963 3287 stirps
979 3209 1012 3268 et
1028 3205 1205 3285 progenies
1220 3210 1271 3269 tot

126 3309 306 3389 consulum,
331 3315 381 3374 tot
397 3309 609 3376 dictatorum.
642 3309 711 3374 Nee
737 3309 779 3374 ad
796 3308 956 3377 invidiam
973 3309 1048 3386 ista,
1081 3309 1139 3373 sed
1156 3311 1271 3374 conci-

127 3401 256 3478 liendae
267 3415 520 3482 misericordiae
529 3413 650 3479 relero.
675 3413 911 3498 Adsequentur
922 3412 1064 3478 florente
1079 3417 1122 3492 te,
1137 3411 1273 3490 Caesar,

128 3534 209 3595 quos
225 3518 358 3584 dederis
373 3517 539 3582 honores:
570 3518 704 3582 interim
736 3517 773 3598 Q:
788 3517 959 3581 Hortensii
976 3522 1188 3598 pronepotes,
1204 3515 1272 3578 divi

129 3617 263 3702 Augusti
280 3623 434 3712 alumnos
451 3620 494 3686 ab
511 3623 624 3703 inopia
641 3621 801 3687 defende!
1281 3633 1317 3688 eo

229 3726 278 3791 38.
303 3726 480 3792 Inclinatio
496 3733 633 3790 senatus
663 3727 918 3791 incitamentum
950 3723 1085 3788 Tiberio
1115 3720 1176 3784 luit
1206 3739 1272 3802 quo

130 3833 311 3913 promptius
328 3831 577 3910 adversaretur,
602 3830 654 3894 his
671 3830 775 3894 ferme
791 3828 903 3893 verbis
919 3847 1017 3890 usus:
1050 3825 1095 3891 ‘Si
1111 3829 1272 3907 quantum
1315 3897 1318 3904 ,

131 3950 310 4014 pauperum
328 3943 379 4001 est
394 3936 510 3998 venire
540 3935 605 3999 huc
622 3942 655 3998 et
670 3933 784 3996 liberis
801 3933 870 3996 suis
884 3937 1000 4010 petere
1015 3927 1177 4007 pecunias
1192 3942 1270 3994 coe,-

129 4039 239 4118 perint
254 4039 382 4126 singmi,
398 4031 579 4120 numquam
600 4035 865 4108 exsatiabuntur,
896 4051 950 4095 res
980 4027 1115 4109 publica
1130 4027 1272 4091 deficiet.
