906 1252
307 127 328 140 ΑΒ
336 128 406 139 excussu
414 128 484 139 anons-ti
492 123 503 139 lv
511 123 579 139 4274&
696 123 717 139 27

140 171 250 186 revocaretur
259 170 337 190 coniunx,
349 170 411 186 rediret
424 170 508 190 legionum
521 170 599 186 alumnus
611 174 654 186 neve
667 169 717 186 obses

139 195 193 211 Gallis
200 195 301 212 traderetur.
312 196 390 212 Reditum
399 196 501 217 Agrippinae
509 196 596 212 excusavit
604 196 626 212 ob
633 196 717 212 inminen-

140 223 174 238 tem
187 223 254 242 parium
266 224 283 238 et
291 222 372 242 hiemem;
387 224 477 238 venturum
486 222 546 238 filium:
563 224 620 239 cetera
628 222 660 242 ipsi
668 226 717 238 exse>
730 226 740 239 5

140 250 236 269 querentur.
252 248 350 265 Discurrunt
366 248 426 265 mutati
441 250 458 265 et
473 248 618 265 seditiosissimum
634 252 717 269 quemque

139 274 206 290 vinetus
214 275 283 291 trahunt
298 275 320 291 ad
333 274 406 295 legatum
419 274 489 295 legionis
501 275 566 295 primae
578 274 595 291 C.
603 274 717 294 Caetronium,

140 300 171 321 qui
178 300 257 316 iudicium
265 302 281 316 et
289 305 353 321 poenas
362 301 383 317 de
390 301 460 321 singulis
468 300 485 317 in
498 300 549 316 hune·
556 300 624 316 modum
638 300 716 317 exercuit.

142 326 216 343 Stabant
223 327 253 346 pio
262 327 341 343 contione
349 327 423 347 legiones
433 326 518 343 destrictis
525 326 594 347 gladiis3
605 331 644 343 reus
653 327 671 343 in
678 330 717 346 sug-

139 354 188 373 gestu
200 357 230 373 per
237 352 323 369 tribunum
332 353 462 369 ostendebatur:
475 353 489 369 si
505 352 595 369 uocent‘ern
608 352 716 370 adelamave-
722 357 740 371 10

139 380 183 398 rant,
192 383 272 400 praeceps
280 379 330 395 datus
338 379 460 395 trucidabatur.
472 379 492 395 Et
500 379 585 399 gaudebat
592 379 673 395 caedibus
686 380 717 396 mi-

139 404 170 425 les,
177 407 264 426 tamquam
272 407 325 421 semet
334 405 439 426 absolveret;
452 410 483 421 uec
492 404 555 421 Caesar
563 405 638 425 arcebat,
648 405 716 426 quando

140 430 188 447 nullo
196 431 248 451 ipsius
256 431 302 447 iussu
310 436 362 452 penes
370 431 438 448 eosdem
446 431 519 448 saevitia
530 431 570 448 faeti
580 433 596 447 et
605 431 668 448 invidia
676 433 717 448 erat.

140 457 198 474 Secuti
204 457 298 478 exemplum
302 458 379 474 veterani
386 458 432 474 haud
440 457 493 474 multo
499 459 536 478 post
542 458 559 473 in
565 457 642 474 Raetiam
648 458 717 474 mittun-

140 485 173 504 tur,
187 483 243 503 speeie
256 483 370 500 defendendae
379 484 476 504 provinciae
491 483 513 500 ob
529 484 631 500 imminentis
646 483 716 504 Suebos¹
722 488 740 503 15

139 510 216 525 ceterum
224 511 243 526 ut
250 509 365 526 avellerentur
377 510 437 526 castris
450 509 526 526 trucibus
541 510 597 526 adhuc
612 514 646 526 uon
662 510 718 526 minus

140 535 234 555 asperitate
249 535 318 552 remedii
333 540 384 556 quam
392 535 460 552 sceleris
475 535 561 552 memorial
577 535 716 552 centurionatum

141 561 182 577 inde
191 561 227 581 egit.
239 561 304 578 (litatus
312 562 334 578 ab
347 562 449 582 imperatore
462 566 528 580 numen,
543 561 624 581 ordinem,
639 562 717 582 patriam,

140 591 230 603 numerum
239 587 365 608 stipendiorum,
380 592 424 608 quae
436 589 505 603 strenue
513 587 530 603 in
538 587 606 607 proeliis
614 587 686 607 fecisset,
701 589 718 604 et

139 613 169 629 eui
178 615 226 630 eraut
231 613 276 630 dona
281 613 364 633 militaria,
372 613 437 630 edebat.
445 613 463 630 Si
474 613 541 633 tribuni,
549 613 564 629 si
568 613 611 634 legio
617 613 717 630 industriam
722 618 741 631 eo

140 640 290 660 innocentiamque
299 640 439 660 adprobaverant,
447 640 533 656 retinebat
540 640 624 656 ordiuemz
639 640 668 656 ubi
678 644 719 656 ava-

139 666 199 682 ritiam
207 668 236 682 aut
244 666 360 683 crudelitatem
373 671 457 682 consensu
470 666 605 686 obieetavissent,
620 666 718 683 solvebatur

140 691 206 709 militia.

194 718 219 734 45.
228 718 256 735 Sic
264 718 362 739 compositis
367 718 486 738 praesentibus
491 718 536 734 haud
542 718 597 734 minor
601 718 654 735 moles
659 723 719 738 super-

140 746 178 761 erat
188 744 209 760 ob
218 744 298 761 seroeiam
306 745 375 765 quintae
384 746 400 761 et
408 744 552 760 unetviceusimae
564 744 653 764 legionum,
668 748 718 760 sexa-

140 771 235 791 gensimum
243 770 288 790 apud
300 770 373 790 lapidem
382 770 430 791 ⁴(loeo
439 770 502 786 Vetera
509 774 572 786 nomen
580 770 613 791 est)
626 770 718 786 hibernan-

140 797 189 813 tium>
208 796 251 813 Nam
267 796 317 817 primi
329 796 428 813 seditionem
444 797 575 817 eoeptaverant:
594 796 719 812 atrocissimum

140 823 220 844 quodque
227 822 293 839 facinus
301 823 361 839 horum
369 822 447 839 manibus
455 824 549 843 patratum;
562 827 593 839 uec
605 827 661 842 poena
673 827 719 838 com·
732 826 742 839 5

141 848 236 865 militonum
245 848 321 865 exterriti
329 853 360 865 nec
373 848 477 869 paenitentia
489 848 568 865 conversi
576 848 610 864 iras
618 847 719 864 retinebant*

141 875 194 896 Igitur
201 874 265 891 Caesar
277 879 326 891 arma
337 874 409 891 classem
421 875 478 892 socios
490 874 578 890 demittere
593 874 651 890 Rheno
667 875 720 894 parat,

141 901 155 917 si
164 901 253 921 imperium
261 901 369 921 detrectetur,
377 901 421 917 bello
429 902 529 917 certaturus.

194 927 220 943 46⁴
229 926 250 943 At
255 927 319 943 Romae
327 927 401 943 nondum
410 927 482 947 cognito,
490 927 519 947 qui
527 926 586 943 fuisset
594 927 649 943 exitus
657 926 674 942 iu
682 925 719 946 llly-

142 953 178 969 m'co
187 955 204 969 et
212 953 296 973 legionum
305 952 443 969 Germanicarum
456 954 503 969 motu
511 952 573 972 audito,
585 952 651 973 trepida
659 951 720 968 civitas

142 979 223 995 incusare
231 978 317 995 Tiberium
324 979 373 1000 quod,
388 979 428 995 dum
440 980 498 999 patres
506 980 523 995 et
530 978 601 999 plebem,
616 978 691 994 invalida
703 979 720 993 et

142 1005 220 1025 inermia,
227 1005 335 1021 cunctatione
343 1005 382 1021 ficta
390 1005 489 1025 ludificetur,
501 1005 582 1021 dissideat
591 1004 659 1021 interim
671 1003 719 1019 miles

142 1036 198 1052 neque
206 1031 278 1047 duorum
286 1031 419 1047 adulescentium
424 1031 499 1047 nondum
505 1031 562 1047 adulta
567 1031 668 1047 auetoritate
673 1034 720 1046 eom·
733 1034 743 1046 5

143 1057 193 1078 primi
201 1058 257 1078 queat.
269 1057 295 1073 lre
302 1057 356 1077 ipsum
365 1058 382 1073 et
389 1061 475 1077 opponere
483 1057 588 1073 maiestatem
594 1055 719 1076 imperatoriam

143 1083 223 1100 debuisse
231 1083 308 1102 cessuris,
320 1082 349 1099 ubi
357 1083 450 1103 principem
459 1083 509 1103 longa
523 1082 627 1102 experientia
640 1081 720 1098 eundern-

148 1165 165 1172 a
