3010 4430
423 241 465 286 na
480 239 622 290 nxcassu
637 239 775 288 nucusm
791 222 826 287 ll.
843 223 981 287 41—45.
1221 224 1262 287 67

111 411 339 475 vetustissimo
355 410 540 476 liberorum
557 412 629 475 eius
647 418 748 493 pacta
780 419 862 492 erat,
893 410 1173 496 praefeceratque
1189 449 1191 454 ·
1205 412 1262 477 Cn.

112 513 277 594 Pisonem,
293 514 426 594 ingenio
441 515 628 580 violentum
647 521 680 579 et
697 515 850 598 obsequii
866 517 1030 597 ignarum,
1056 517 1158 581 insita
1174 515 1309 600 iero-10

112 618 166 682 cia
182 635 202 682 a
218 623 315 698 patre
331 616 462 698 Pisone,
479 619 535 701 qui
552 619 643 687 civili
666 619 755 684 bello
771 625 985 700 resurgentes
1001 621 1036 683 in
1052 617 1169 685 Africa
1184 640 1263 703 par-

112 729 164 786 tes
179 723 346 786 acerrimo
363 722 552 788 ministerio
570 724 734 788 adversus
751 723 933 789 Caesarem
950 725 1042 805 iuvit,
1073 744 1153 788 mox
1179 725 1263 790 Bru-

114 833 184 890 tum
200 832 234 892 et
249 825 403 892 Cassium
419 833 556 891 secutus
573 847 737 893 concesso
769 829 882 894 reditu
907 829 1070 910 petitione
1096 829 1264 895 honorum

114 931 283 1010 abstinuit,
300 931 407 996 donec
423 931 512 996 ultro
529 931 715 998 ambiretur
732 933 881 997 delatum
907 932 950 997 ab
975 933 1263 1015 Augustoconsu-

114 1035 218 1099 latum
235 1035 398 1116 accipere.
422 1035 487 1100 Sed
512 1041 647 1116 praeter
666 1042 828 1118 paternos
844 1037 981 1117 spiritus
997 1037 1113 1102 uxoris
1130 1055 1308 1121 quoquere

114 1140 297 1205 Plancinae
313 1139 490 1204 nobilitate
501 1145 534 1204 et
551 1140 670 1220 opibus
681 1140 950 1219 accendebatur;
965 1142 1021 1205 vix
1036 1141 1172 1206 Tiberio
1182 1161 1265 1207 con-

114 1245 241 1324 cedere,
258 1242 383 1309 liberos
399 1245 470 1308 eius
487 1251 523 1308 ut
539 1243 680 1308 multum
696 1243 785 1308 inira
802 1244 1007 1327 despectare.
1032 1244 1100 1310 Nec
1127 1245 1265 1310 dubium

114 1347 261 1413 habebat
277 1366 314 1412 se
330 1348 504 1427 delectum,
520 1349 576 1430 qui
593 1347 711 1413 Suriae
728 1349 958 1430 imponeretur
972 1350 1015 1412 ad
1031 1367 1107 1430 spes
1125 1347 1265 1415 Germa-

116 1452 185 1516 nici
201 1453 411 1518 coercendas.
436 1451 617 1518 Credidere
634 1451 771 1535 quidam
787 1454 869 1518 data
885 1458 918 1517 et
934 1471 955 1516 a
971 1452 1107 1518 Tiberio
1133 1453 1265 1518 occulta

116 1557 294 1636 mandata3
310 1563 343 1622 et
359 1557 558 1622 Plancinam
574 1558 665 1621 haud
683 1557 783 1622 dubie
805 1557 955 1638 Augusta
970 1558 1101 1622 monuit
1118 1558 1266 1623 aemula·
1276 1577 1310 1629 ao

116 1661 207 1725 tione
222 1661 377 1726 muliebri
394 1661 614 1742 Agrippinam
630 1662 828 1727 insectandi.
853 1661 968 1726 Divisa
984 1679 1129 1744 namque
1147 1669 1180 1727 et
1197 1664 1265 1728 dis·

116 1784 190 1830 cors
207 1766 286 1830 aula
302 1772 374 1830 erat
401 1767 514 1830 tacitis
545 1765 581 1828 in
611 1766 754 1830 Drusum
785 1773 843 1830 aut
874 1764 1113 1831 Germanicum
1138 1769 1265 1832 studiis.

116 1869 268 1936 Tiberius
284 1876 321 1933 ut
336 1871 508 1951 proprium
525 1876 557 1934 et
574 1871 626 1934 sui
643 1871 814 1951 sanguinis
839 1870 981 1935 Drusum
1007 1869 1159 1935 fovebat:
1184 1869 1266 1934 Ger-

116 1976 249 2040 manico
266 1975 426 2040 alienatio
457 1975 569 2056 patrui
585 1993 737 2040 amorem
768 1975 857 2055 apud
888 1980 1019 2040 ceteros
1051 1981 1202 2052 auxerat,
1233 1981 1266 2040 et

116 2081 193 2161 quia
210 2079 410 2144 claritudine
426 2080 572 2144 materni
588 2080 719 2160 generis
729 2078 890 2156 anteibat,
907 2096 1008 2142 avum
1024 2077 1063 2142 lt.
1074 2077 1310 2160 Antoniumns

117 2183 320 2248 avunculum
338 2183 524 2265 Augustum
548 2182 669 2250 ferens.
695 2183 823 2248 Contra
846 2183 954 2247 Druso
986 2201 1133 2263 proavus
1165 2201 1266 2266 eques

116 2287 286 2352 Romanus
302 2287 508 2368 Pomponius
524 2287 655 2353 Atticus
671 2288 836 2352 dedecere
861 2285 1079 2352 Claudiorum
1105 2287 1268 2368 imagines

118 2392 311 2457 videbatur:
343 2399 375 2458 et
402 2394 550 2457 coniunx
575 2391 769 2458 Germanici
788 2392 971 2475 Agrippina
987 2391 1194 2457 fecunditate
1226 2411 1266 2456 ac

116 2491 206 2560 fama
221 2497 350 2561 Liviam
366 2515 506 2563 uxorem
522 2497 621 2561 Drusi
636 2497 874 2578 praecellebat.
898 2495 963 2562 Sed
988 2496 1112 2561 fratres
1137 2498 1266 2579 egregie

117 2603 301 2666 concordes
318 2607 351 2666 et
368 2603 597 2682 proximorum
614 2601 855 2666 certaminibus
872 2603 1073 2666 inconcussi.
1275 2618 1310 2671 30

218 2707 268 2771 44.
292 2705 362 2770 Nec
378 2707 482 2770 multo
499 2713 574 2789 post
588 2706 716 2770 Drusus
741 2708 775 2770 in
801 2705 969 2788 Illyricum
994 2707 1115 2770 missus
1140 2711 1199 2783 est,
1229 2711 1266 2768 ut

118 2817 287 2876 suesceret
303 2811 441 2876 militiae
457 2811 635 2894 studiaque
661 2812 829 2876 exercitus
854 2816 1010 2892 pararet3
1042 2810 1142 2873 simul
1173 2809 1265 2872 iuve-

117 2931 194 2976 nem
208 2916 339 2982 urbano
355 2915 436 2979 luxu
452 2915 684 2980 lascivientem
699 2916 818 2980 melius
833 2917 867 2980 in
885 2916 1006 2980 castris
1031 2914 1150 2979 haberi
1165 2911 1264 2976 Tibe-

117 3017 186 3081 rius
201 3037 305 3102 seque
318 3021 476 3085 tutiorem
492 3020 631 3084 rebatur
647 3025 790 3103 utroque
816 3018 883 3084 filio
909 3020 1056 3101 legiones
1082 3018 1265 3082 obtinente.

118 3120 183 3186 Sed
212 3123 314 3190 Suebi
343 3124 653 3206 praetendebantur
691 3123 853 3188 auxilium
884 3123 1045 3188 adversus
1075 3121 1263 3186 Cheruscos
1292 3137 1309 3190 5

118 3232 270 3308 orantes;
300 3247 380 3293 nam
396 3229 546 3299 discessu
563 3227 795 3293 Romanorum
812 3245 852 3291 ac
875 3227 973 3290 vacui
1003 3231 1144 3290 externo
1174 3231 1266 3290 metu

118 3332 224 3413 gentis
240 3331 461 3396 adsuetudine
478 3338 511 3396 et
526 3337 598 3398 tum
614 3331 842 3396 aemulatione
853 3329 979 3411 gloriae
990 3349 1086 3394 arma
1098 3331 1133 3394 in
1143 3348 1179 3395 se
1189 3348 1266 3395 ver-

116 3442 236 3500 terant.
259 3436 318 3501 Vis
334 3435 519 3516 nationum,
534 3436 643 3500 virtus
660 3436 782 3500 ducum
807 3435 841 3498 in
868 3453 994 3518 aequ03
1024 3435 1083 3500 sed
1106 3434 1263 3498 Marobo-

117 3541 218 3604 duum
232 3541 319 3622 regis
335 3559 460 3604 nomen
483 3541 628 3605 invisum
654 3540 743 3622 apud
768 3539 957 3622 populares,
987 3538 1176 3603 Arminium
1205 3555 1265 3619 pro

118 3643 273 3710 libertate
288 3644 471 3709 bellantem
487 3645 584 3709 favor
599 3645 757 3738 habebat.
1275 3656 1311 3710 10

220 3747 270 3814 45.
293 3749 395 3830 igitur
411 3769 479 3814 non
495 3751 595 3814 modo
610 3748 773 3814 Cherusci
789 3750 939 3831 sociique
950 3765 1076 3825 eorum,
1093 3752 1189 3809 vetus
1205 3744 1266 3808 Ar-

116 3849 213 3914 minii
227 3852 330 3934 miles
347 3871 519 3934 sumpsere
534 3853 666 3934 bellum,
691 3854 750 3918 sed
770 3870 788 3917 e
804 3871 908 3933 regno
936 3851 1038 3914 etiam
1064 3847 1263 3914 Marobodui

116 3953 248 4022 Suebae
264 3964 388 4038 gentse,
418 3957 603 4024 Semnones
620 3977 659 4022 ac
675 3957 897 4038 Langobardi,
927 3955 1080 4020 deiecere
1106 3953 1148 4017 ad
1180 3971 1264 4016 eum.

115 4056 247 4138 Quibus
262 4061 383 4126 additis
400 4061 640 4142 praepollebat,
657 4063 691 4125 ni
708 4061 936 4141 Inguiomerus
953 4075 1030 4120 cum
1046 4074 1147 4118 manu
1164 4056 1266 4120 clien-

1171 4174 1205 4226 5*
