3010 4430
428 235 470 282 aa
486 235 627 283 excussu
637 235 781 283 -xuousrr
797 216 819 281 Ι.
837 217 972 283 11-15.
1236 218 1287 286 18Ξ

125 408 273 478 Scaurus
286 407 496 488 suspicacem
508 408 656 472 animum
666 408 903 488 perstrinxere,
919 407 1077 473 Haterius
1088 428 1164 474 cum
1174 411 1279 475 dixis-

124 516 176 576 set
193 518 270 594 ‘quo
285 528 394 593 usque
411 511 560 593 patieris
585 510 721 594 Caesar,
736 531 805 576 uon
821 513 943 578 adesse
970 519 1072 600 caput
1095 515 1145 580 rei
1170 514 1279 596 publi·
1334 569 1337 575 .

124 613 231 693 cael',
269 613 416 700 Scaurus
446 615 526 698 quia
550 616 691 694 dixerat,
716 633 809 697 spem
834 635 908 682 esse
935 635 977 682 ex
997 637 1036 684 eo
1050 637 1141 684 non.
1159 620 1324 708 inritasttt

124 721 197 788 iore
212 728 352 786 senatus
367 739 494 802 preces,
519 723 608 806 quod
623 722 781 789 relationi
796 723 973 790 consulum
989 727 1062 790 iure
1078 727 1279 792 tribuniciae

124 825 302 908 potestatis
327 843 396 890 non
420 827 675 892 intercessisset.
711 827 752 896 Iu
783 827 957 892 Haterium
988 831 1100 894 statim
1129 831 1281 896 invectus

126 934 194 1007 est;
213 927 385 1007 Scaurum,
401 929 455 996 cui
471 929 706 1011 inplacabilius
722 931 950 1012 irascebatur,
973 932 1107 997 silentio
1124 934 1279 1012 tramisit,

125 1032 299 1116 fessusque
318 1033 467 1099 clamore
483 1035 640 1115 omnium,
667 1035 938 1117 expostulatione
954 1037 1161 1118 singulorum
1187 1037 1280 1103 llexit

124 1137 298 1218 paulatim,
313 1155 382 1202 uon
397 1143 434 1202 ut
449 1137 612 1204 fateretur
629 1140 754 1220 suscipi
771 1158 792 1205 a
808 1159 844 1205 se
859 1141 1047 1222 imperium,
1075 1142 1134 1207 sed
1159 1146 1195 1206 ut
1219 1161 1279 1206 ne·
1290 1159 1325 1212 uo

124 1259 205 1322 gare
222 1245 256 1306 et
271 1241 384 1323 rogari
400 1241 578 1309 desineret.
602 1241 743 1308 Constat
767 1244 951 1325 Haterium,
975 1247 1051 1310 c'um
1076 1245 1280 1326 deprecandi

126 1363 233 1412 causa
248 1343 416 1412 Palatium
433 1347 604 1411 introisset
615 1346 885 1430 ambulantisque
900 1348 1026 1415 Tiberii
1042 1368 1150 1431 genua
1165 1351 1281 1415 advol-
1322 1391 1324 1398 ·

125 1455 270 1530 veretur,
284 1465 389 1531 prope
405 1468 426 1514 a
441 1450 602 1516 militibus
617 1450 841 1532 interfectum,
868 1454 948 1537 quia
964 1453 1118 1519 Tiberius
1135 1472 1217 1519 casu
1234 1473 1278 1519 an

125 1555 282 1625 manibus
296 1557 368 1621 eius
383 1556 551 1638 inpeditus
567 1556 769 1637 prociderat.
794 1556 909 1641 Neque
925 1566 1040 1624 tamen
1056 1559 1205 1640 periculo
1222 1564 1277 1624 ta-

125 1660 165 1725 lis
180 1659 245 1724 riri
261 1660 431 1740 mitigatus
447 1668 507 1740 est,
532 1661 641 1725 donec
656 1660 814 1726 Haterius
839 1661 1023 1744 Augustam
1049 1669 1164 1729 oraret
1192 1664 1321 1733 eius-es

125 1783 190 1848 que
206 1764 427 1831 curatissimis
442 1763 598 1845 precibus
612 1770 851 1847 protegeretur.

232 1869 281 1935 14.
303 1867 408 1934 Multa
422 1875 558 1950 patrum
574 1875 608 1934 et
623 1869 657 1933 in
673 1869 857 1952 Augustam
884 1871 1042 1936 adulatio.
1073 1871 1140 1936 Alii
1156 1889 1279 1952 paren-

127 1978 205 2050 tem,
220 1973 278 2037 alii
301 1978 444 2038 matrem
468 1973 599 2054 patriae
627 1973 874 2054 appellandam,
905 1973 1056 2056 plerique
1086 1967 1123 2038 ut
1149 1976 1280 2040 nomini

127 2075 285 2142 Caesaris
299 2076 549 2142 adscriberetur
569 2075 683 2142 ‘tuliae
698 2075 793 2140 filius’
810 2076 1004 2142 censebant.
1021 2075 1079 2142 Ille
1095 2069 1278 2145 moderan-

127 2182 189 2246 dos
204 2177 404 2245 feminarum
428 2181 576 2247 honores
600 2180 758 2245 dictitans
782 2181 967 2264 eademque
991 2198 1028 2245 se
1053 2183 1278 2263 temperantia

126 2301 265 2352 usurum
281 2285 316 2348 in
330 2284 371 2348 iis
387 2303 474 2367 quae
490 2284 555 2350 sibi
571 2284 809 2364 tribuerentur,
832 2290 981 2350 ceterum
1005 2284 1126 2350 auxius
1150 2285 1278 2351 invidia
1306 2303 1323 2355 5

126 2395 160 2454 et
175 2387 338 2453 muliebre
353 2387 522 2470 fastigium
538 2388 573 2452 in
589 2388 854 2454 deminutionem
869 2389 920 2454 sui
936 2389 1106 2471 accipiens
1122 2408 1165 2454 ne
1180 2390 1278 2455 lioto-

126 2511 199 2560 rem
213 2493 349 2576 quidem
365 2493 396 2557 ei
412 2493 548 2560 decerni
563 2509 684 2573 passus
700 2498 751 2558 est
767 2511 930 2576 aramque
946 2493 1141 2575 adoptionis
1161 2499 1195 2560 et
1210 2493 1278 2559 alia

127 2597 267 2676 huiusce
282 2596 374 2662 modi
389 2595 568 2678 probibuit.
593 2595 636 2661 At
652 2594 854 2662 Germanico
871 2594 1011 2662 Caesari
1035 2595 1277 2678 proconsulare

127 2701 304 2784 imperium
319 2701 445 2783 petivit,
460 2701 620 2784 missique
635 2701 737 2784 legati
753 2702 810 2783 qui
825 2699 1005 2781 deferrent,
1024 2700 1122 2765 simul
1139 2701 1278 2767 maesti-

126 2807 210 2872 tiam
226 2807 298 2870 eius
313 2804 357 2869 ob
373 2823 548 2870 excessum
570 2803 711 2886 Augusti
729 2805 928 2870 solarentur.
960 2804 1033 2886 Quo
1050 2805 1162 2870 minus
1186 2804 1276 2870 idem
1289 2821 1324 2878 tu

126 2929 188 2993 pro
215 2909 323 2976 Druso
349 2908 585 2990 postularetur,
616 2926 657 2974 ea
680 2927 785 2974 causa
814 2910 904 2993 quod
935 2909 1129 2992 designatus
1159 2909 1278 2974 consul

126 3013 255 3080 Dmsus
265 3031 492 3095 praesensque
503 3018 586 3079 erat.
602 3011 811 3078 Candidatos
827 3015 1008 3095 praeturae
1018 3014 1195 3078 duodecim
1216 3032 1279 3078 no-

126 3117 279 3196 minavit,
303 3135 480 3182 numerum
495 3117 539 3183 ab
555 3116 704 3201 Augusto
721 3117 882 3182 traditum
891 3143 900 3198 ;
933 3123 966 3181 et
982 3116 1141 3181 hortante
1157 3123 1281 3182 senatu

127 3225 164 3284 ut
179 3226 327 3301 augeret,
342 3221 415 3287 iure
429 3221 574 3288 iurando
591 3222 773 3287 obstrinxit
788 3239 825 3286 se
841 3239 909 3285 uon
926 3237 1152 3286 excessurum.

235 3324 283 3391 15.
306 3325 392 3394 Tum
406 3327 551 3408 primum
574 3344 593 3391 e
618 3343 739 3407 campo
770 3325 907 3390 comitia
923 3324 967 3389 ad
983 3330 1097 3405 patros
1113 3325 1281 3390 translata

127 3435 224 3496 sunt:
247 3448 327 3496 nam
352 3429 486 3496 adeam
510 3431 607 3510 diem,
640 3429 703 3495 etsi
733 3428 908 3510 potissima
939 3427 1079 3493 arbitrio
1110 3429 1280 3510 principis,

127 3533 296 3618 quaedam
306 3541 422 3601 tamen
431 3534 550 3600 studiis
560 3534 708 3599 tribuum
718 3532 853 3598 fiebant.
863 3531 979 3614 Neque
989 3531 1134 3614 populus
1145 3533 1280 3612 ademp-

127 3647 199 3704 tum
230 3639 283 3706 ius
306 3645 445 3722 questus
461 3643 512 3704 est
535 3638 600 3702 nisi
623 3637 717 3702 inani
730 3655 877 3717 rumore,
902 3643 936 3701 et
959 3642 1099 3701 senatus
1129 3636 1280 3716 largitio-

128 3742 229 3809 nibus
243 3761 286 3809 ac
301 3741 457 3825 precibus
474 3741 618 3808 sordidis
634 3740 806 3807 exsolutus
821 3739 930 3804 libens
946 3740 1062 3820 tenuit,
1081 3738 1279 3804 moderante
1308 3756 1324 3808 a

128 3846 264 3914 Tiberio
289 3864 332 3914 ne
348 3846 461 3929 plures
483 3839 587 3930 quam
609 3850 769 3928 quattuor
794 3844 993 3909 candidatos
1016 3842 1280 3919 commendaret,

130 3952 203 4017 sinc
217 3951 354 4032 repulsa
369 3957 403 4018 et
418 3947 546 4016 ambitu
562 3949 795 4032 designandos.
819 3947 910 4014 Inter
925 3967 1013 4030 quae
1027 3945 1155 4011 tribuni
1173 3945 1282 4027 plebei

129 4055 288 4146 petivere,
317 4061 355 4120 ut
378 4055 514 4137 proprio
539 4060 673 4136 sumptu
689 4053 826 4120 ederent
851 4051 957 4129 ludos,
986 4053 1044 4134 qui
1075 4050 1116 4115 de
1147 4052 1282 4116 nominc
