3010 4430
521 291 562 334 nn
579 223 718 335 nxcnssu
735 289 873 334 auousrr
896 270 918 334 l.
934 269 1070 334 tre—63.
1302 270 1344 332 35

192 459 251 524 0111
267 459 548 541 Teutoburgiensi
565 459 663 537 saltn,
688 460 722 522 in
747 477 812 540 quo
838 459 1001 540 reliquiae
1016 459 1099 524 Vari
1114 460 1346 542 legionumque
1360 477 1391 534 to

190 564 381 646 insepultae
398 564 607 633 dicebantur.

294 668 347 733 61.
368 668 473 750 Igitur
494 668 615 749 cupido
641 666 822 737 Caesarem
848 668 978 732 invadit
1008 663 1160 734 soluendi
1191 688 1347 751 suprema

192 771 355 836 militibus
371 772 525 854 ducique,
549 777 703 852 permoto
720 772 763 835 ad
778 771 1031 835 miserationem
1048 774 1141 835 omni
1156 774 1213 856 qui
1229 774 1348 838 aderat

160 867 165 876 “
191 875 343 939 exercitu
360 874 403 939 ob
420 875 636 958 propinquos,
653 875 790 954 amicos,
820 874 964 956 denique
989 873 1032 937 ob
1058 893 1158 950 casus
1182 875 1346 942 bellorum

194 983 228 1042 et
243 984 373 1043 sortem
389 978 575 1042 hominurn.
606 977 798 1042 Praemisso
814 976 969 1056 Caecina,
999 984 1036 1042 ut
1052 979 1185 1044 occulta
1201 979 1345 1046 saltuum

191 1087 403 1148 scrutaretur
433 1088 621 1164 pontesque
647 1088 681 1146 et
704 1099 843 1163 aggeres
858 1081 972 1146 umido
991 1068 1150 1164 paludum
1166 1089 1199 1150 et
1214 1083 1344 1149 fallaci·
1373 1104 1390 1154 5

156 1253 163 1264 ,
189 1187 253 1252 bus
270 1187 400 1268 campis
415 1187 601 1268 inponeret,
617 1186 778 1253 incedunt
787 1191 942 1251 'maestos
957 1186 1055 1251 locos.
1066 1187 1206 1270 visuque
1222 1205 1263 1252 ac
1278 1205 1346 1251 me-

190 1291 303 1355 moria
319 1289 488 1355 deformis.
511 1290 626 1354 Prima
641 1287 724 1354 Vari
740 1297 854 1354 castra
879 1290 948 1355 lato
974 1290 1104 1355 ambitu
1128 1295 1162 1354 et
1186 1291 1346 1356 dimensis

196 1394 373 1474 principiis
390 1395 494 1457 trium
510 1394 677 1478 legionum
693 1411 813 1458 manus
830 1394 1066 1476 ostentabant3
1091 1395 1169 1459 dein
1185 1396 1345 1459 semiruto

193 1497 294 1576 vallo,
309 1497 425 1562 humili
441 1497 534 1592 fossa
550 1499 684 1562 accisae
699 1499 767 1561 iam
782 1498 945 1582 reliquiae
961 1489 1155 1564 consedisse
1174 1499 1344 1580 intellege·

120 1675 126 1684 1
192 1599 319 1665 bantur
328 1595 340 1668 :¹
366 1602 478 1666 medio
504 1602 615 1682 campi
631 1601 781 1666 albentia
797 1620 885 1682 ossa,
908 1608 946 1683 ut
961 1601 1125 1683 fugerant,
1155 1609 1192 1666 ut
1208 1604 1343 1667 restite·
1357 1621 1388 1670 11)
1410 1613 1416 1622 ’

188 1711 278 1785 rant,
310 1706 451 1770 disiecta
475 1705 527 1769 vel
554 1711 722 1788 aggerata.
759 1705 971 1770 Adiacebant
1000 1705 1178 1786 fragmina
1200 1707 1343 1772 telorum

189 1827 421 1894 equorumque
437 1816 541 1889 artus
557 1809 656 1874 simul
672 1811 801 1874 truncis
817 1809 980 1875 arborum
996 1809 1144 1875 antefixa
1159 1829 1229 1874 ora.
1245 1809 1343 1874 Lucis

194 1915 392 1997 propinquis
407 1914 577 1979 barbarae
593 1932 683 1993 arae,
708 1914 797 1994 apud
812 1933 897 1997 quas
912 1912 1068 1978 tribunos
1093 1931 1135 1977 ac
1158 1914 1341 1993 primorum

194 2018 351 2082 ordinum
367 2018 581 2082 centuriones
596 2021 839 2082 mactaverant.
870 2015 910 2080 Et
927 2015 1033 2080 cladis
1050 2017 1122 2081 eius
1137 2017 1343 2097 superstites

194 2139 338 2202 pugnam
357 2127 417 2186 aut
431 2120 567 2186 vincula
583 2121 699 2202 elapsi,
719 2119 914 2185 referebant
937 2120 993 2184 hic
1018 2120 1180 2184 cecidisse
1200 2120 1341 2212 legatos,
1354 2137 1384 2188 15

185 2224 258 2290 illic
273 2230 390 2306 raptas
406 2225 557 2308 aquilas;
572 2225 718 2306 primum
733 2223 792 2288 ubi
806 2223 927 2288 vulnus
937 2222 1029 2288 Varo
1040 2223 1209 2301 adactum,
1224 2223 1342 2288 ubiin-

186 2327 278 2395 felici
294 2329 435 2394 dextera
452 2334 486 2394 et
501 2347 563 2393 suo
576 2330 646 2393 ictu
656 2334 800 2392 mortem
809 2327 995 2407 invenerit3
1011 2346 1076 2410 quo
1086 2327 1250 2392 tribunali
1258 2347 1340 2393 con-

185 2434 342 2498 tionatus
357 2432 539 2509 Arminius,
563 2438 644 2515 quot
667 2431 818 2514 patibula
834 2433 987 2513 captivis,
1010 2450 1096 2514 qnae
1115 2431 1262 2511 scrobes,
1286 2442 1339 2496 ut-

184 2555 254 2621 que
269 2537 373 2619 signis
389 2543 425 2602 et
440 2536 561 2622 aquilis
576 2555 636 2618 per
653 2537 845 2618 superbiam
861 2537 1022 2602 inluserit.

292 2641 345 2706 62.
367 2640 470 2722 lgitur
486 2640 659 2705 Romanus
683 2641 740 2723 qui
756 2641 875 2705 aderat
905 2641 1073 2705 exercitus
1104 2646 1235 2705 sextum
1265 2649 1341 2720 post

185 2743 295 2810 eladis
311 2763 437 2810 annum
453 2745 554 2809 trium
570 2743 737 2826 legionum
753 2762 841 2822 ossa,
856 2744 949 2809 nullo
965 2748 1127 2809 noscente
1143 2743 1272 2807 alienas
1286 2761 1339 2813 re-

185 2849 309 2932 liquias
325 2867 370 2913 an
386 2867 526 2914 suorum
541 2850 644 2912 humo
661 2854 797 2930 tegeret,
813 2866 930 2913 omnes
941 2854 978 2912 ut
988 2848 1197 2928 coniunctos,
1211 2852 1339 2910 111οο11-

184 2953 401 3034 sanguineos,
417 2953 569 3018 auctam
584 2953 715 3017 hostem
730 2953 792 3031 ira,
818 2953 939 3017 maesti
955 2951 1103 3016 simulet
1118 2949 1241 3016 infensi
1256 2969 1338 3016 eon-

187 3057 322 3122 debant.
346 3056 495 3121 Primum
510 3057 699 3122 extruendo
714 3057 842 3122 tumulo
859 3057 1043 3138 caespitem
1070 3053 1196 3120 Caesar
1220 3054 1339 3135 posuit,
1368 3073 1382 3120 o

185 3162 377 3245 gratissimo
393 3177 533 3226 munere
550 3162 585 3225 in
601 3160 778 3242 defunctos
788 3167 822 3225 et
837 3158 1075 3242 praesentibus
1082 3159 1209 3224 doloris
1218 3159 1337 3224 socius.

184 3263 283 3346 Quod
299 3264 436 3331 Tiberio
447 3263 545 3328 ‘baud
561 3263 750 3345 probatum,
766 3281 826 3328 seu
842 3268 965 3327 cuncta
980 3260 1172 3328 Germanici
1187 3264 1223 3326 111
1247 3263 1336 3328 dete-

183 3368 257 3434 rius
271 3368 428 3448 trahenti,
444 3368 514 3432 sive
530 3368 715 3433 exercitum
730 3368 874 3450 imagine
891 3385 1068 3432 caesorum
1078 3367 1336 3449 insepultorum-

181 3491 251 3558 que
267 3473 440 3538 tardatum
458 3473 501 3537 ad
518 3472 646 3554 proelia
672 3477 706 3536 et
721 3471 1025 3537 formidolosiorem
1048 3471 1195 3536 hostium
1220 3469 1332 3535 crede-

182 3579 262 3656 bat;
278 3595 388 3661 neque
403 3578 643 3659 imperatorem
659 3582 824 3658 auguratu
834 3576 1111 3642 etvetnstissimis
1122 3573 1335 3639 caerimoniis
1351 3592 1380 3642 11)

181 3680 375 3763 praeditum
392 3679 588 3746 adtrectare
603 3678 723 3746 feralia
739 3680 907 3748 debuisse.

289 3783 339 3849 63.
356 3782 422 3850 Sed
439 3781 661 3850 Germanicus
671 3769 848 3849 cedentem
861 3784 896 3848 in
906 3786 985 3850 avia
994 3783 1182 3850 Arminium
1192 3787 1335 3859 secutur,

181 3884 242 3953 ubi
256 3887 401 3970 primum
417 3887 515 3969 copia
530 3885 601 3967 fuit,
617 3887 714 3952 evehi
731 3888 859 3970 equites
868 3906 1098 3969 campumque,
1113 3903 1212 3968 quem
1228 3883 1335 3949 hostis

145 3992 364 4070 ··insederat,
390 3992 476 4073 eripi
491 3991 593 4056 iubet.
615 3991 789 4056 Arminius
813 3992 923 4073 colligi
947 3993 1027 4056 suos
1052 3995 1086 4055 et
1109 3988 1334 4074 propinquare

180 4095 278 4161 silvis
295 4096 442 4161 monitos
457 4096 558 4161 vertit
575 4101 730 4177 repente:
750 4113 828 4160 mox
844 4095 974 4176 signum
990 4091 1227 4177 prorumpendi
1244 4093 1334 4158 dedit

1241 4213 1273 4264 38
