3010 4430
430 223 471 268 aa
488 220 629 268 excessu
644 219 781 268 suousrr
797 203 818 267 l.
837 203 973 268 16-19.
1239 203 1278 266 15

132 399 238 459 terna.
255 392 325 459 Nec
341 393 432 458 aliud
447 393 672 459 levamentum
688 412 788 478 quam
812 396 840 458 si
856 393 961 459 certis
973 394 1035 460 sub
1050 394 1178 477 legibus
1195 393 1278 458 mili·

138 497 188 563 tia
203 497 352 576 iniretur,
378 503 415 561 ut
430 496 576 580 singulos
591 498 749 563 denarios
773 505 953 577 mererent,
981 504 1096 563 sextus
1119 499 1279 563 decumus

130 588 289 682 stipendii
305 617 414 666 annus
430 600 528 666 finem
543 600 699 682 adferret,
726 619 769 666 ne
784 601 874 666 ultra
889 601 951 665 sub
968 602 1099 667 vexillis
1123 610 1280 668 teneren-

131 712 201 781 tur,
231 703 290 769 sed
315 703 421 769 isdem
446 705 480 769 in
505 706 626 770 castris
642 706 826 787 praemium
852 705 996 787 pecunia
1010 706 1205 772 solveretur.
1228 705 1325 777 Anco

133 809 326 890 praetorias
356 809 523 887 cohortes,
551 827 637 892 quae
667 809 765 875 binos
789 810 946 874 denarios
971 811 1172 890 acceperint,
1194 829 1280 894 quae

130 919 212 998 post
226 913 371 979 sedecim
388 933 496 979 annos
513 915 691 996 penatibus
716 915 785 980 suis
801 915 994 995 reddantur,
1018 915 1093 996 plus
1118 914 1283 996 periculo·

129 1039 209 1085 rum
224 1017 422 1100 suscipere?
444 1039 514 1084 non
530 1018 714 1084 obtrectari
739 1039 759 1084 a
784 1039 820 1085 se
836 1019 986 1085 urbanas
1010 1018 1187 1085 excubias:
1217 1017 1280 1082 sibi

132 1131 247 1190 tamen
263 1123 353 1204 apud
368 1122 524 1188 horridas
539 1130 655 1205 gentes
671 1141 689 1188 e
706 1122 935 1188 contuberniis
950 1122 1081 1188 hostem
1097 1123 1212 1203 aspici.
1250 1155 1253 1161 ·

280 1225 328 1292 18.
344 1226 574 1308 Adstrepebat
581 1227 706 1308 vulgus,
716 1228 859 1292 diversis
870 1227 1105 1306 incitamentis,
1120 1227 1155 1290 hi
1165 1225 1283 1312 verbe·

133 1351 210 1397 rum
226 1340 333 1409 notas
349 1331 396 1397 illi
412 1332 581 1409 canitiem,
596 1331 730 1412 plurimi
739 1331 863 1396 detrita
872 1331 1019 1412 tegmina
1029 1336 1063 1395 et
1072 1331 1199 1395 nudum
1208 1348 1282 1395 cor-

137 1454 202 1516 pus
218 1437 468 1518 exprobrantes.
500 1435 674 1508 Postremo
691 1453 731 1500 eo
754 1434 880 1516 furoris
894 1453 1028 1516 venere,
1042 1441 1080 1500 ut
1094 1440 1164 1500 tres
1179 1433 1282 1517 legio-

138 1557 202 1604 nes
218 1540 358 1606 miscere
374 1541 408 1604 in
424 1555 527 1606 unam
551 1540 761 1621 agitaverint.
790 1539 925 1622 Depulsi
941 1537 1175 1616 aemulatione,
1204 1539 1283 1622 quia

133 1660 218 1707 suae
233 1645 374 1727 quisque
390 1643 511 1726 legioni
526 1662 602 1708 eum
619 1644 784 1709 honorem
807 1642 1027 1726 quaerebant,
1057 1642 1122 1708 alio
1147 1650 1283 1708 vertunt
1310 1659 1327 1712 5

132 1752 237 1828 atque
253 1765 322 1813 una
336 1753 406 1812 tres
420 1748 552 1830 aquilas
568 1753 601 1812 et
616 1749 712 1829 signa
728 1749 918 1813 cohortium
933 1748 1066 1828 locant;
1089 1748 1188 1813 simul
1204 1767 1283 1813 con·

135 1858 256 1932 gerunt
281 1853 455 1934 caespites,
478 1859 655 1918 exstruunt
680 1854 837 1933 tribunal,
868 1873 934 1937 quo
965 1855 1070 1935 magis
1100 1853 1284 1934 conspicua

137 1955 238 2020 sedes
253 1953 350 2024 foret.
367 1955 632 2038 Properantibus
647 1957 786 2023 Blaesus
802 1957 948 2040 aduenit,
963 1956 1228 2038 increpabatque
1244 1974 1284 2020 ac

136 2057 307 2123 retinebat
322 2061 479 2142 singulos
498 2061 676 2126 clamitans
701 2045 787 2126 ‘mea
801 2061 913 2141 potius
928 2059 1033 2124 caede
1047 2058 1188 2123 imbuite
1212 2075 1285 2122 ma·

134 2182 219 2227 nus:
235 2163 360 2230 leviore
376 2164 501 2248 flagitio
519 2165 664 2248 legatum
680 2165 888 2230 interficietis
905 2182 1006 2246 quam
1024 2163 1068 2228 ab
1084 2163 1333 2244 imperatorem

139 2268 336 2346 desciscitis.
352 2267 419 2334 hut
435 2271 612 2335 incolumis
627 2269 725 2335 fidem
736 2270 903 2351 legionum
914 2268 1075 2346 retinebo,
1091 2273 1150 2332 aut
1160 2267 1287 2349 iugula·
1311 2331 1312 2336 ,

135 2381 191 2438 tus
207 2374 447 2454 paenitentiam
466 2374 686 2440 adcelerahoj’
1033 2377 1036 2383 “

243 2477 291 2542 19.
315 2477 546 2558 Aggerabatur
573 2479 678 2542 nihilo
703 2479 813 2542 minus
838 2495 978 2557 caespes
1003 2476 1136 2558 iamque
1161 2475 1290 2554 pectori

140 2599 248 2662 nsque
272 2581 482 2661 adcreverat,
519 2601 594 2646 cum
625 2583 762 2647 tandem
788 2581 979 2662 pervicacia
1008 2579 1089 2643 victi
1119 2579 1289 2658 inceptum

140 2685 296 2778 omisere.
318 2685 458 2750 blaesus
474 2687 579 2751 multa
594 2686 729 2752 dicendi
745 2695 817 2750 arte
842 2705 910 2750 non
940 2703 1000 2766 per
1029 2683 1228 2748 seditionem
1257 2686 1290 2744 et

140 2789 260 2856 turbas
276 2791 443 2855 desideria
459 2791 600 2856 militum
616 2793 660 2856 ad
675 2789 857 2856 Caesarem
873 2790 1013 2854 ierenda
1029 2789 1085 2869 ait,
1109 2805 1217 2870 neque
1233 2805 1290 2851 ve-

139 2903 231 2962 teres
248 2897 292 2960 ab
307 2883 567 2978 imperatoribus
592 2897 711 2977 priscis
737 2913 846 2979 neque
877 2896 968 2976 ipsos
993 2913 1015 2960 a
1039 2895 1117 2959 divo
1142 2893 1290 2974 Augusto
1319 2907 1333 2957 5

140 3007 212 3066 tam
228 3019 318 3066 nova
333 3001 510 3082 petivisse,
526 3006 560 3064 et
576 3018 695 3080 parum
711 2999 745 3064 in
762 3006 914 3080 tempore
930 2998 1121 3079 incipientis
1131 2995 1292 3078 principis

144 3121 246 3170 curas
262 3105 407 3169 onerari.
423 3103 459 3171 Si
475 3110 588 3169 tamen
603 3105 781 3168 tenderent
797 3104 832 3168 in
850 3121 934 3185 pace
950 3107 1115 3183 temptare
1139 3119 1226 3183 quae
1250 3119 1293 3164 ne

139 3208 289 3272 civilium
304 3207 439 3290 quidem
455 3207 618 3274 bellorum
634 3208 781 3272 victores
791 3205 1088 3288 expostulaverint,
1104 3222 1163 3269 cur
1173 3208 1292 3269 contra

141 3329 273 3375 morem
288 3311 450 3394 obsequii,
466 3317 587 3376 contra
603 3311 655 3377 ias
671 3311 871 3393 disciplinae
887 3311 955 3375 vim
979 3308 1207 3375 meditentur?
1238 3308 1293 3372 de-

138 3419 319 3480 cernerent
335 3415 462 3496 legatos
478 3433 580 3497 seque
597 3433 712 3480 coram
725 3415 886 3480 mandata
896 3415 1025 3480 darent.
1047 3412 1293 3477 Adclamavere
1305 3426 1336 3478 lo

141 3525 180 3582 ut
195 3517 281 3582 filius
297 3518 407 3584 Blaesi
433 3517 587 3584 tribunus
611 3517 779 3600 legatione
810 3537 851 3584 ea
876 3517 1069 3598 iungeretur
1099 3519 1293 3597 peteretque

145 3621 307 3688 militibus
323 3625 516 3690 missionem
536 3623 579 3688 ab
604 3624 751 3689 sedecim
776 3623 894 3690 annis:
921 3629 1036 3688 cetera
1065 3621 1294 3697 mandaturos,

141 3727 203 3794 uhi
218 3729 327 3811 prima
341 3728 585 3809 provenissent.
601 3726 760 3792 Proiecto
776 3727 896 3793 iuvene
912 3726 1080 3791 modicum
1096 3723 1216 3788 otium:
1234 3721 1293 3786 sed

139 3831 317 3914 superbire
332 3833 436 3913 miles,
452 3833 541 3916 quod
557 3831 643 3896 filius
659 3832 760 3913 legati
776 3839 893 3897 orator
908 3831 1062 3915 publicae
1073 3844 1195 3892 causae
1211 3827 1295 3891 satis

141 3936 338 4002 ostenderet
354 3937 558 4027 necessitate
573 3953 734 4016 expressa
743 3937 837 4029 'quae
853 3954 913 4017 per
928 3933 1127 3999 modestiam
1150 3947 1219 3994 non
1235 3929 1338 3998 ob-15

141 4043 332 4107 tinuissent.
