906 1252
185 145 206 161 34
398 148 476 160 connum
486 148 540 159 τΑοιτι

238 192 262 208 59.
276 192 327 208 Fama
342 191 394 207 dediti
407 191 512 214 benigneque
523 191 589 211 excepti
602 190 675 211 Segestis
688 190 760 211 vulgata,

185 220 203 234 ut
210 218 312 239 quisbusque
319 217 382 233 bellurn
391 217 448 233 invitis
456 219 486 233 aut
494 216 600 237 cupientibus
608 218 649 236 erat,
657 221 687 237 spe
695 216 721 232 vel
729 216 760 232 do-

185 245 220 260 lore
229 245 314 265 accipitur.
322 243 417 259 Arminium
425 247 475 263 super
484 243 552 259 insitam
556 243 654 259 violentiam
659 244 709 263 rapta
713 247 761 261 uxor,

185 270 271 286 subiectus
279 269 347 286 servitio
355 269 413 286 uxoris
425 271 484 285 uterus
497 269 599 285 vaecordem
612 268 689 289 agebant,
701 268 761 285 volita-

172 296 248 317 Sbatque
256 301 286 316 per
294 295 393 315 Cheruscos,
405 300 453 311 arma
461 295 479 311 in
487 295 577 315 Segestem,
589 299 638 311 arma
645 295 663 310 in
671 294 761 311 Caesarem

186 327 261 343 poscens.
269 322 326 342 Neque
334 321 401 342 probris
409 321 524 341 temperabat:
540 321 624 341 egregium
632 322 702 341 patrem,
714 325 761 341 mag-

186 353 225 364 num
242 348 365 368 imperatorem,
384 347 445 363 sortem
461 347 559 367 exercitum,
574 351 646 368 quorum
661 348 686 363 tot
701 351 762 363 manus

186 379 237 390 unam
245 374 361 390 mulierculam
369 374 462 390 evexerint.
474 373 509 390 Sibi
522 375 557 390 tres
565 373 644 394 legiones,
656 373 726 390 totidem
739 373 762 389 le-

186 403 235 421 gatos
243 400 362 421 procubuisse:
374 405 408 416 non
419 400 464 416 euim
475 404 493 416 se
505 400 602 420 proditione
613 404 668 420 neque
680 399 762 416 adversus

165 431 181 444 10
186 427 258 443 seminas
266 426 348 447 gravidas,
364 426 393 443 sed
408 426 466 447 palam
474 426 555 442 adversus
563 427 639 442 armatos
646 426 709 442 bellum
717 427 762 442 trac-

186 455 226 469 tare.
238 453 288 469 Cerni
296 452 352 469 adhuc
360 452 483 468 Germanorum
494 452 512 468 in
519 452 562 468 lucis
569 452 617 472 signa
625 452 706 472 Romana,
718 457 763 473 quae

187 479 212 495 dis
220 479 280 499 patriis
291 478 402 498 suspenderit.
414 478 482 494 Coleret
489 478 567 498 Segestes
579 478 642 494 victam
654 478 713 498 ripam,
724 478 763 494 red-

187 505 235 521 deret
243 504 276 520 filio
285 504 398 520 sacerdotium
406 504 503 520 hominum:
518 503 612 520 Germanos
620 508 711 525 numquam
720 504 763 520 satis

187 532 303 550 excusaturos,
317 531 362 551 quod
374 530 418 546 inter
431 530 487 546 Albim
495 531 512 546 et
520 530 597 546 Rhenum
605 530 661 550 virgas
669 532 686 546 et
694 535 763 547 secures

166 561 183 574 15
188 559 205 573 et
214 559 269 577 togam
282 557 359 573 viderint.
370 556 413 572 Affis
421 556 500 577 gentibus
512 556 607 577 ignorantia
619 556 679 577 imperi
691 556 763 573 Romani

188 583 276 603 inexperta
285 587 321 599 esse
329 582 415 603 supplicia,
428 582 486 599 nescia
494 582 566 598 tributa:
582 586 625 603 quae
633 582 713 603 quoniam
721 587 764 599 exn>

188 610 231 625 erint
239 609 332 630 inritusque
339 608 436 625 discesserit
444 608 472 624 iile
483 608 527 624 inter
535 608 605 624 numina
618 608 684 625 dicatus
698 608 764 629 Augus-

187 637 219 654 tus,
227 635 254 650 ille
263 635 338 651 delectus
345 634 428 653 Tiberius,
440 638 462 650 ne
474 634 570 654 imperitum
580 634 729 654 adulescentulum,
741 639 764 651 ue

188 660 286 676 seditiosum
295 660 387 676 exercitum
400 661 515 680 pavescerent.
527 660 544 676 Si
556 660 629 680 patriam
641 662 721 681 parentes
733 665 764 677 an-

167 691 183 704 20
188 687 235 707 tiqua
242 687 312 703 mallent
319 689 370 707 quam
378 686 455 702 dominos
463 687 480 702 et
488 686 564 702 colonias
569 691 627 707 novas,
634 686 729 703 Arminium
733 692 764 708 po-

187 713 220 728 tius
228 713 291 733 gloriae
299 717 319 729 ac
327 712 411 729 libertatis
419 717 470 733 quain
478 712 563 733 Segestem
576 712 670 733 flagitiosae
677 713 764 729 servitutis

188 739 248 755 ducem
258 740 372 759 sequerentur.

228 764 254 780 60.
264 764 329 780 Conciti
337 768 367 785 per
374 764 417 780 haee
422 768 457 780 non
461 764 512 780 modo
520 764 605 784 Cherusci,
613 765 642 781 sed
647 765 764 781 oontermiuae

188 792 250 810 gentes,
266 791 363 811 tractusque
378 790 395 806 in
407 790 462 810 partis
473 790 588 810 Inguiomerus
603 790 674 807 Arminii
689 793 765 812 patruus,

189 818 245 833 vetere
253 816 297 836 apud
305 816 392 832 Romanos
399 816 511 836 auctoritate3
519 816 563 833 unde
568 817 623 833 maior
630 816 699 833 Caesari
705 819 765 833 metus.

188 842 208 858 Et
216 847 237 858 ne
246 842 307 858 bellum
315 842 360 858 mole
367 847 402 858 una
410 842 500 862 ingrueret,
507 842 598 859 Caecinam
605 847 643 859 eum
652 843 765 864 quadraginta

175 868 287 885 5eohortibus
294 868 375 884 Romanis
383 868 494 885 distrahendo
502 868 547 884 hosti
556 873 586 888 per
598 868 687 885 Bructeros
699 869 721 885 nd
733 869 765 885 flu-

189 899 228 910 rnen
235 894 317 910 Amisiam
325 894 380 914 mittit,
393 894 467 915 equitem
476 894 522 911 Pedo
530 894 625 915 praefectus
633 894 694 911 finibus
701 894 766 911 Frisio-

189 925 226 936 rum
234 920 284 936 ducit.
295 919 332 940 Ipse
340 920 423 941 inpositas
431 920 504 936 navibus
512 921 592 941 quattuor
600 920 675 940 legiones
681 925 712 941 per
716 920 766 937 lacus

188 947 242 966 vexit;
252 946 333 967 simulque
342 946 394 967 pedes
402 951 453 967 eques
461 946 520 963 classis
528 947 573 967 apud
584 947 689 967 praedictum
697 951 765 963 amnem

189 976 288 989 convenere.
307 971 371 988 Chauci
381 977 419 988 curn
435 972 499 989 auxilia
513 972 636 993 pollicerentur,
651 973 669 989 iu
681 973 766 989 cummili-

167 999 230 1015 10tium
239 998 299 1014 adsciti
307 1000 350 1015 sunt.
362 998 453 1015 Bructeros
461 1003 492 1015 sua
499 999 564 1015 urentis
572 999 650 1019 expedita
662 1003 700 1015 curn
713 1003 767 1016 manu

189 1024 205 1040 L.
214 1024 304 1040 Stertinius
320 1024 372 1040 missu
387 1023 484 1041 Germanici
504 1024 555 1044 iudit3
570 1025 647 1045 interque
663 1025 732 1041 caedem
748 1027 767 1042 et

189 1050 270 1070 praedam
277 1050 350 1071 repperit
358 1050 507 1067 undevicensimae
514 1050 585 1071 legionis
593 1051 666 1072 aquilam
672 1056 710 1067 eum
718 1051 767 1068 Varo

190 1076 274 1093 amissam.
287 1076 357 1093 Duetum
364 1076 404 1093 inde
412 1081 473 1097 agmen
478 1077 500 1093 ad
505 1077 573 1093 ultimos
579 1077 704 1097 Bructerorum,
711 1082 767 1098 quan-

189 1105 257 1123 tumque
265 1102 346 1119 Amisiam
352 1104 369 1120 et
378 1103 449 1124 Lupiam
458 1108 516 1120 amnes
524 1104 568 1120 inter
575 1105 666 1124 vastatum,
674 1103 719 1120 haud
724 1108 768 1124 pro-
