3010 4430
195 158 215 221 8
633 169 786 217 conuunu
802 167 910 216 raeiri

196 347 350 412 centurio
367 361 465 428 aegre
481 342 634 409 confecit.
661 340 752 407 'Nihil
781 342 822 406 de
839 359 880 406 ea
904 358 944 432 re
964 341 1118 408 Tiberius
1134 342 1223 423 apud
1247 359 1344 408 sena-

195 459 276 526 tum
286 448 460 515 disseruit:
491 448 597 530 patris
615 447 707 511 iussa
722 445 913 527 simulabat,
927 445 1049 529 quibus
1071 447 1345 529 praescripsisset

139 585 142 592 ’
169 554 336 624 stribuno
352 553 526 619 custodiae
539 551 706 634 adposito,
729 569 772 616 ne
789 556 1006 617 cunctaretur
1026 551 1211 634 ,Agrippam
1234 558 1344 617 rnorte

200 657 355 737 adiicere,
371 657 572 740 quandoque
586 656 658 736 ipse
676 673 868 737 supremum
892 655 981 720 diem
1004 654 1215 737 explevisset.
1241 655 1344 720 Multa

194 764 271 828 sine
288 763 390 828 dubio
407 779 577 844 saevaque
593 760 760 843 Augustus
782 761 824 825 de
841 759 992 826 moribus
1016 761 1242 826 adulescentis
1265 779 1345 843 que·

196 873 277 947 stus,
292 866 481 932 uterilium
497 865 569 931 eius
592 870 731 930 senatus
749 864 903 930 consulto
918 865 1114 946 sanciretur,
1139 864 1345 947 perfecerat:

197 975 349 1036 ceterum
368 972 405 1034 iu
429 969 552 1034 nullius
578 987 737 1051 umquam
761 985 899 1033 suorum
922 986 1040 1035 necem
1064 969 1208 1049 duravit,
1236 985 1345 1051 neque

157 1081 344 1145 tomortem
360 1074 473 1155 nepoti
488 1092 549 1156 pro
566 1073 746 1138 securitate
762 1073 905 1154 privigni
919 1072 1060 1138 inlatam
1076 1071 1236 1138 credibile
1261 1078 1344 1137 erat.

199 1177 342 1261 Propius
358 1195 440 1243 vero
455 1176 627 1242 Tiberium
643 1195 683 1242 ac
698 1176 836 1254 Liviam,
851 1177 944 1241 illum
959 1182 1059 1254 metu,
1077 1176 1165 1242 hanc
1181 1193 1341 1242 noverca-

197 1281 287 1347 libus
303 1282 398 1362 odiis,
414 1281 561 1363 suspecti
570 1288 604 1346 et
618 1281 717 1344 invisi
732 1281 862 1345 iuvenis
870 1281 1010 1346 caedem
1019 1279 1239 1346 festinatisse.
1249 1269 1355 1346 Nun?

183 1386 301 1451 ‘tianti
317 1370 517 1466 centurioni,
531 1391 569 1449 ut
584 1403 659 1450 mos
673 1383 821 1463 militiae,
837 1383 963 1450 lactum
980 1402 1054 1449 esse
1071 1383 1161 1466 quod
1184 1385 1345 1465 imperas

197 1497 258 1569 set,
274 1508 383 1573 neque
398 1490 583 1570 imperasse
598 1506 673 1554 sese
689 1494 723 1554 et
737 1489 905 1553 rationem
931 1487 1013 1554 facti
1035 1486 1241 1553 reddendam
1257 1488 1345 1570 apud

154 1607 187 1669 15
201 1599 356 1662 senatum
379 1593 560 1674 respondit
585 1579 679 1674 Qu'od
695 1599 872 1675 postquam
896 1591 1075 1659 Sallustius
1103 1589 1241 1673 Crispus
1269 1609 1346 1673 par·

198 1697 305 1777 ticeps
320 1703 528 1770 secretorum
544 1694 587 1780 (is
602 1696 644 1762 ad
660 1696 832 1761 tribunum
847 1695 986 1761 miserat
1001 1694 1187 1782 codicillos)
1211 1713 1345 1776 compe

198 1799 251 1878 rit,
269 1804 422 1865 metuens
447 1818 490 1865 ne
514 1818 592 1865 reus
615 1799 823 1880 subderetur,
852 1801 948 1865 iuxta
970 1797 1160 1880 periculoso
1184 1798 1263 1865 licta
1285 1818 1345 1866 seu

197 1919 280 1968 vera
298 1908 477 1985 promeret
491 1903 622 1969 monuit
640 1903 769 1968 Liviam
784 1920 826 1967 ne
843 1921 971 1968 arcana
985 1904 1112 1983 domus,
1136 1921 1180 1968 ne
1204 1903 1346 1968 consilia

199 2006 397 2086 amicorum,
412 2007 600 2073 ministeria
616 2007 758 2073 militum
773 2007 1000 2089 vulgarentur,
1014 2025 1100 2073 neve
1116 2006 1269 2073 Tiberius
1279 2009 1347 2073 vim

156 2127 190 2180 so
200 2113 407 2194 principatus
423 2112 607 2178 resolveret
623 2119 746 2178 cuncta
761 2112 805 2176 ad
820 2119 973 2178 senatum
988 2112 1162 2179 vocando:
1177 2127 1253 2176 eam
1262 2129 1344 2176 con-

198 2217 368 2282 dicionem
384 2234 458 2281 esse
474 2215 672 2297 imperandi,
687 2221 724 2279 ut
739 2233 808 2280 non
824 2215 922 2281 aliter
937 2216 1025 2282 ratio
1041 2221 1182 2295 constet,
1199 2215 1345 2297 quamsi

198 2319 256 2382 uni
272 2318 441 2384 reddatur.
1201 2344 1203 2346 ·

299 2422 329 2491 7.
346 2422 390 2487 At
405 2422 532 2488 Romae
547 2440 646 2488 ruere
661 2423 696 2486 in
712 2424 883 2495 servitium
900 2422 1063 2503 consules,
1091 2429 1214 2505 patres,
1233 2441 1344 2508 eques.

203 2527 336 2606 Quanto
352 2526 428 2610 quis
442 2526 623 2607 inlustrior,
640 2532 735 2591 tanto
750 2528 856 2610 magis
871 2526 947 2593 falsi
961 2545 1001 2593 ac
1017 2527 1224 2607 festinantes,
1239 2527 1347 2592 vultu-

205 2648 270 2713 que
287 2632 483 2713 composito,
507 2649 550 2696 ne
566 2631 647 2697 laeti
662 2649 802 2696 excessu
826 2632 987 2714 principis
1002 2650 1068 2700 neu
1092 2634 1259 2699 tristiores
1282 2634 1348 2714 pri·

200 2735 342 2816 mordio,
368 2734 526 2802 lacrimas
542 2735 709 2818 gaudium,
727 2744 864 2819 questus
895 2737 1124 2803 adulationem
1150 2737 1346 2804 miscebant.

168 2837 273 2907 tSex.
288 2838 467 2920 Pompeius
482 2846 516 2904 et
531 2839 606 2906 Sex.
622 2840 805 2929 Appuleius
820 2841 975 2907 consules
990 2843 1088 2924 primi
1113 2844 1149 2908 in
1163 2843 1269 2909 verba
1292 2842 1346 2908 Τί·

199 2942 284 3008 berii
300 2940 456 3010 Caesaris
471 2943 635 3024 iuravere,
660 2945 815 3027 apudque
828 2962 886 3010 eos
911 2945 1007 3013 Seius
1022 2945 1147 3013 Strabo
1163 2952 1197 3012 ct
1212 2943 1247 3011 C.
1264 2944 1345 3010 Tur-

196 3047 321 3126 ranius,
337 3047 392 3113 ille
411 3048 658 3129 praetoriarum
674 3048 863 3114 cohortium
881 3049 1082 3130 praefectus,
1097 3047 1153 3114 hic
1168 3065 1345 3130 annonac;

201 3169 280 3216 mox
296 3157 434 3216 senatus
449 3151 611 3236 milesque
626 3157 660 3218 et
684 3152 834 3234 populus.
859 3152 945 3218 Nam
958 3152 1112 3219 Tiberius
1136 3160 1259 3219 cuncta
1287 3171 1346 3236 per

196 3255 352 3320 consules
367 3255 559 3337 incipiebat,
574 3263 746 3339 tamquam
761 3264 876 3323 vetere
891 3275 929 3322 re
953 3257 1088 3339 publica
1111 3264 1146 3323 et
1170 3257 1345 3340 ambiguus

162 3377 196 3429 10
207 3361 413 3442 imperandi:
441 3379 484 3426 ne
498 3360 654 3457 ‘edictum
679 3362 820 3444 quidem,
836 3381 903 3446 quo
919 3368 1034 3445 patres
1048 3364 1084 3428 in
1099 3363 1229 3429 curiam
1245 3381 1346 3428 voca-

199 3463 269 3543 bat,
284 3465 350 3530 nisi
365 3463 566 3531 tribuniciae
582 3466 759 3546 potestatis
774 3468 1040 3549 praescriptione
1055 3468 1167 3549 posuit
1190 3467 1253 3532 sub
1278 3467 1345 3532 Au-

199 3573 295 3648 gusto
310 3574 479 3650 acceptae.
494 3567 608 3634 Verba
618 3568 719 3634 edicti
730 3568 823 3635 luere
840 3588 950 3651 pauca
959 3576 992 3637 et
1001 3589 1103 3637 sensu
1113 3572 1344 3658 permodesto:

199 3671 240 3737 de
256 3671 441 3737 honoribus
456 3673 606 3755 parentis
622 3673 862 3753 consulturum,
885 3692 993 3758 neque
1017 3674 1201 3740 abscedere
1226 3693 1247 3740 a
1271 3693 1345 3740 cor-

200 3793 281 3856 pore
295 3775 395 3858 idque
411 3795 515 3841 unum
540 3795 581 3841 ex
605 3775 748 3858 publicis
772 3778 967 3843 muneribus
994 3796 1167 3860 usurpare.
1198 3778 1264 3846 Sed
1288 3779 1346 3844 de-

153 3894 187 3950 tt
200 3877 315 3944 iuncto
329 3879 479 3962 Augusto
494 3881 624 3962 signum
640 3881 819 3961 praetoriis
834 3881 1031 3947 cohortibus
1046 3887 1083 3946 ut
1093 3883 1276 3964 imperator
1286 3883 1345 3948 de-

198 3981 313 4057 derat;
327 3983 500 4065 excubiae,
515 4002 620 4063 arma,
635 3990 751 4050 cetera
767 3985 882 4064 aulae;
901 3984 996 4051 miles
1012 3986 1047 4049 in
1064 3985 1182 4063 forum,
1198 3986 1294 4052 miles
1310 3986 1345 4049 in
