3010 4430
658 215 814 263 CORNELII
833 213 941 260 TACITl

227 391 332 454 variis
357 389 466 454 modis
491 387 673 454 criminari.
706 386 879 451 Postremo
905 385 1022 466 paucis
1046 381 1262 447 familiarium
1286 376 1382 442 adhi-

1482 275 1488 338 l

1485 327 1488 502 l

185 495 307 566 10bitis
334 512 444 559 sermo
472 498 613 574 coeptus
638 511 658 557 a
683 491 838 569 Caesare,
868 489 1002 574 qualem
1025 489 1076 552 ira
1101 493 1134 552 et
1159 481 1382 549 dissimulatio
1487 513 1488 534 2

229 599 340 680 gignit,
364 615 562 678 responsum
587 615 607 660 a
633 595 754 661 Pisone
780 593 936 676 precibus
953 588 1229 670 contumacibus;
1252 587 1382 650 disces-

229 708 411 784 seruntque
427 701 553 781 apertis
569 700 664 764 odiis.
687 698 768 775 Post
784 716 872 780 quae
888 715 986 761 rarus
1002 696 1036 758 in
1047 692 1209 758 tribunali
1224 687 1384 756 Caesaris

227 806 313 886 Piso,
331 813 363 872 et
379 807 407 870 si
423 806 558 888 quando
577 805 755 884 adsideret,
779 809 878 867 atrox
903 820 944 866 ac
969 800 1147 865 dissentire
1172 794 1383 862 manifestus.

228 911 301 978 Vox
319 929 451 994 quoque
474 912 546 976 eius
572 909 687 973 audita
712 914 762 974 est
788 908 822 972 in
847 906 1011 987 convivio,
1041 923 1117 969 cum
1148 901 1236 1069 agrd
1267 915 1382 980 regem

185 1015 482 1088 taNabataeorum
513 1031 662 1078 coronae
690 1029 814 1077 aureae
845 1029 967 1091 magno
998 1008 1147 1090 pondere
1206 1002 1316 1068 aesari
1347 1008 1382 1066 et

229 1121 441 1202 Agrippinae,
466 1119 558 1183 leves
582 1116 696 1180 Pisoni
714 1120 746 1180 et
762 1115 885 1180 ceteris
901 1114 1111 1192 offerrentur,
1136 1107 1297 1191 principis
1312 1105 1384 1170 Ro·

228 1225 330 1304 mani,
344 1241 413 1288 non
428 1223 545 1287 Parthi
561 1222 648 1304 regis
663 1220 730 1285 filio
747 1239 806 1285 eas
823 1219 938 1300 epulas
954 1217 1046 1296 dari;
1077 1213 1266 1295 abiecitque
1282 1210 1383 1274 simul

228 1346 388 1392 coronam
406 1332 437 1392 et
454 1325 560 1391 multa
576 1327 610 1389 in
626 1325 740 1389 luxum
766 1323 901 1404 addidit,
926 1339 1012 1405 qnae
1037 1317 1237 1384 Germanico
1263 1331 1383 1398 quam-

228 1449 328 1514 quam
345 1431 470 1496 acerba
487 1428 721 1494 tolerabantur
737 1434 859 1492 tamen.

332 1534 384 1600 58.
407 1533 499 1598 Inter
516 1552 603 1616 quae
621 1534 664 1597 ab
680 1551 758 1615 rege
774 1531 978 1596 Parthorum
993 1528 1169 1594 Artabano
1194 1525 1294 1607 legati
1320 1541 1382 1588 ve-

230 1655 320 1702 nere.
341 1636 478 1702 llliserat
504 1637 688 1702 amicitiam
714 1655 754 1701 ac
779 1635 896 1702 foedus
922 1640 1178 1710 memoratores,
1202 1636 1236 1696 et
1257 1646 1382 1711 cupere

230 1742 387 1807 renovari
411 1742 558 1820 dextras,
583 1743 806 1825 daturumque
830 1741 953 1804 honori
983 1736 1175 1804 Germanici
1205 1740 1242 1798 ut
1271 1733 1383 1814 ripam

230 1846 409 1928 Euphratis
435 1846 627 1912 accederet:
657 1851 772 1927 petere
802 1844 946 1924 interim,
975 1862 1018 1908 ne
1041 1841 1201 1906 Vonones
1224 1839 1258 1902 in
1283 1836 1383 1904 Suria

203 1950 413 2020 shaberetur
429 1969 495 2015 neu
514 1968 673 2030 proceres
690 1951 837 2032 gentium
863 1947 1059 2031 propinquis
1084 1945 1210 2010 nuntiis
1240 1943 1283 2008 ad
1314 1941 1382 2006 dis·

231 2056 364 2120 cordias
394 2055 553 2120 traheret.
590 2054 641 2118 Ad
673 2073 714 2119 ea
744 2053 964 2119 Germanicus
994 2052 1037 2116 de
1067 2051 1230 2115 societate
1258 2047 1383 2112 Roma·

231 2177 351 2224 norum
375 2157 644 2242 Parthorumque
659 2156 843 2239 magnifice,
875 2157 917 2220 de
948 2154 1094 2220 adventu
1121 2152 1208 2235 regis
1233 2157 1266 2217 et
1290 2149 1383 2215 cultu

230 2264 282 2326 sui
307 2280 383 2326 cum
408 2260 530 2326 decore
555 2279 596 2325 ac
621 2260 787 2324 modestia
809 2259 990 2341 respondit.
1013 2258 1172 2323 Vonones
1202 2254 1382 2335 Pompeio-

231 2364 343 2446 polim,
359 2363 496 2430 Ciliciae
512 2365 717 2428 maritimam
733 2365 860 2444 urbem,
876 2370 1009 2428 amotus
1025 2369 1084 2428 est.
1108 2361 1230 2426 Datum
1254 2361 1288 2425 id
1313 2376 1383 2423 non

190 2468 331 2540 10modo
348 2468 505 2549 precibus
520 2466 694 2544 Artabani,
710 2467 768 2532 sed
785 2467 1009 2533 contumeliae
1024 2467 1165 2546 Pisonis,
1190 2465 1244 2530 cui
1261 2464 1383 2546 gratis-

230 2572 333 2636 simus
350 2577 424 2636 erat
440 2571 482 2636 ob
499 2573 643 2652 plurima
660 2572 771 2637 officia
787 2577 820 2638 et
837 2572 935 2652 dona,
960 2570 1080 2654 quibus
1105 2571 1304 2635 Plancinam
1328 2567 1383 2633 de·

230 2676 396 2741 vinxerat.

335 2781 385 2845 59.
408 2780 448 2844 M.
459 2780 574 2847 Silano
590 2781 622 2845 L.
633 2781 794 2847 Norbano
810 2782 1004 2846 consulibus
1020 2778 1239 2846 Germanicus
1254 2779 1384 2862 Aegyp-

231 2893 303 2950 tum
328 2885 551 2967 proficiscitur
577 2886 831 2967 cognoscendae
854 2886 1074 2969 antiquitatis.
1107 2883 1172 2950 Sed
1198 2901 1281 2949 cura
1304 2902 1383 2965 pro-

231 2990 363 3056 vinciae
380 2989 675 3070 praetendebatur,
691 2990 881 3072 levavitque
901 2991 1026 3073 apertis
1042 2990 1173 3054 horreis
1187 2989 1298 3071 pretia
1313 2987 1384 3053 fru-

231 3114 308 3175 gum
332 3094 504 3178 multaque
521 3095 556 3158 in
571 3095 689 3176 vulgus
713 3100 808 3177 grata
833 3095 1024 3176 usurpavit:
1056 3095 1129 3159 sinc
1159 3093 1264 3158 milite
1294 3094 1386 3160 ince-

205 3200 321 3279 5derc,
337 3199 478 3280 pedibus
502 3199 638 3264 intectis
663 3205 697 3265 et
722 3199 796 3280 pari
821 3218 897 3264 cum
922 3197 1060 3264 Graecis
1085 3199 1222 3276 amictu,
1252 3196 1286 3260 P.
1312 3196 1384 3263 Sci·

233 3304 343 3382 pionis
359 3302 594 3384 aemulatione,
619 3322 719 3388 quem
735 3304 854 3369 eadem
880 3302 1086 3368 factitavisse
1111 3301 1201 3382 apud
1225 3300 1386 3379 Siciliam,

233 3405 386 3487 quamvis
402 3407 566 3488 flagrante
579 3408 689 3472 adhuc
715 3407 904 3473 Poenorum
929 3405 1028 3486 bello,
1053 3406 1252 3486 accepimus.
1284 3405 1384 3470 Tibe-

232 3512 302 3576 rius
318 3511 411 3576 cultu
426 3511 611 3594 habituque
626 3513 699 3577 eius
713 3512 844 3576 lenibus
867 3511 982 3576 verbis
1007 3509 1195 3591 perstricto,
1219 3510 1386 3575 acerrime

231 3616 409 3697 increpuit,
425 3615 515 3699 quod
531 3621 652 3681 contra
667 3615 822 3679 instituta
837 3615 977 3698 Augusti
1002 3633 1071 3678 non
1087 3620 1206 3695 sponte
1222 3613 1386 3695 principis

189 3734 224 3790 10
233 3719 475 3785 Alexandriam
491 3720 671 3785 introisset.
698 3719 785 3783 Nam
809 3718 977 3800 Augustus
993 3719 1080 3784 inter
1097 3717 1163 3783 alia
1180 3717 1386 3783 dominatio-

234 3824 286 3887 nis
317 3841 455 3899 arcana,
486 3823 599 3887 vetitis
630 3823 694 3886 nisi
726 3823 891 3903 permissu
922 3823 1050 3902 ingredi
1081 3819 1295 3886 senatoribus
1327 3828 1387 3884 aut

235 3926 402 4008 equitibus
419 3926 581 3991 Romanis
596 3926 803 4004 inlustribus,
833 3927 982 4008 seposuit
998 3925 1192 4009 Aegyptum,
1222 3943 1265 3988 ne
1295 3923 1388 3989 fame

235 4035 391 4108 urgueret
407 4027 549 4114 ltaliam,
565 4030 716 4112 quisquis
733 4047 807 4093 eam
824 4029 1033 4109 provinciam
1044 4029 1257 4110 claustraque
1273 4035 1389 4094 terrae
