3010 4430
435 231 477 276 aa
493 230 633 278 nxeassu
649 230 787 278 aucusrr
811 211 846 276 ll.
863 211 1000 277 66—71.
1233 211 1275 276 79

123 409 187 482 tur,
204 403 358 468 admotas
374 403 512 480 hostias,
543 401 762 467 sacrificalem
782 409 991 482 apparatum,
1017 402 1138 468 festam
1155 403 1274 467 Antio-

123 510 297 574 chensium
313 509 443 591 plebem
459 528 519 590 per
534 508 670 574 lictores
686 507 872 590 proturbat.
904 508 987 573 Tum
1012 507 1199 576 Seleuciam
1215 511 1274 574 de·

123 615 279 696 greditur,
310 613 489 694 opperiens
520 612 774 694 aegritudinem,
803 630 890 694 quae
913 631 1046 677 rursum
1071 611 1273 679 Germanico

122 718 302 784 acciderat.
335 717 479 784 Saeuam
504 718 571 780 vim
597 716 707 781 morbi
731 715 876 798 augebat
907 719 1081 798 persuasio
1108 720 1229 784 veneni
1254 735 1319 790 aio

123 821 245 886 Pisone
261 821 409 902 accepti;
440 828 474 885 et
497 820 755 902 reperiebantur
780 818 852 885 solo
873 838 913 884 ao
940 820 1126 902 parietibus
1157 830 1274 889 erutae

121 926 348 990 humanorum
373 943 553 1006 corporum
581 924 752 1007 reliquiae,
782 924 934 989 carmina
961 930 991 991 et
1012 927 1211 992 devotiones
1242 933 1276 992 et

122 1047 247 1095 nomen
263 1027 454 1095 Germanici
479 1028 643 1110 plumbeis
659 1027 784 1092 tabulis
799 1028 1010 1110 insculptum,
1029 1031 1168 1095 semusti
1184 1032 1274 1095 cine-

121 1151 176 1198 res
194 1152 234 1199 ac
251 1132 329 1198 tabe
345 1132 440 1198 obliti
457 1132 589 1215 aliaque
604 1131 767 1210 malefica,
791 1134 865 1216 quis
891 1134 1039 1198 creditur
1064 1136 1194 1199 animas
1210 1153 1273 1199 nu-

122 1237 269 1302 minibus
285 1235 425 1302 infernis
441 1237 581 1302 sacrari.
605 1235 710 1301 Simul
726 1239 820 1302 missi
839 1256 859 1303 a
884 1237 1005 1304 Pisone
1030 1239 1274 1304 incusabantur
1286 1257 1318 1310 15

121 1348 159 1405 ut
174 1340 378 1406 valetudinis
394 1341 538 1406 adversa
553 1341 725 1406 rimantes.

226 1446 275 1510 70.
299 1444 347 1510 Ea
363 1443 564 1511 Germanico
582 1444 672 1509 haud
689 1446 799 1510 minus
815 1447 868 1511 ira
883 1465 985 1529 quam
1000 1467 1060 1530 per
1076 1456 1201 1513 metum
1218 1467 1271 1512 ac-

123 1554 230 1628 cepta.
252 1548 286 1615 Si
302 1547 403 1614 limen
419 1549 640 1629 obsideretur,
656 1550 685 1613 si
701 1549 921 1614 effundendus
947 1552 1084 1631 spiritus
1109 1552 1170 1617 sub
1196 1570 1275 1616 ocu-

120 1653 161 1718 lis
178 1654 390 1719 inimicorum
414 1653 509 1734 foret,
540 1654 619 1737 quid
644 1655 765 1719 deinde
789 1656 998 1722 miserrimae
1024 1659 1165 1739 coniugi,
1195 1658 1274 1740 quid

118 1757 307 1822 infantibus
322 1757 437 1823 liberis
462 1757 689 1822 eventurum?
714 1759 822 1824 lenta
844 1760 953 1824 videri
975 1762 1155 1826 veneficia:
1179 1761 1274 1826 lesti-

118 1879 203 1926 nare
219 1867 254 1925 et
269 1879 419 1944 urguere,
434 1867 471 1925 ut
486 1862 705 1942 provinciam,
730 1870 767 1927 ut
782 1864 930 1944 legiones
946 1864 1037 1929 solus
1050 1864 1185 1930 habeat.
1208 1864 1274 1930 Sed
1300 1884 1318 1936 5

118 1983 189 2031 non
206 1985 312 2049 usque
328 1986 368 2033 eo
385 1965 552 2031 detectum
569 1965 816 2045 Germanicum,
844 1986 953 2051 neque
984 1969 1134 2049 praemia
1159 1968 1274 2034 caedis

118 2071 211 2152 apud
227 2069 478 2136 interfectorem
493 2089 664 2136 mansura.
681 2069 861 2152 Componit
876 2071 1046 2153 epistulas,
1061 2073 1135 2155 quis
1155 2072 1272 2137 amici-

118 2176 205 2241 tiam
221 2175 513 2242 ei'renuntiabat:
543 2176 672 2240 addunt
698 2176 848 2260 plerique
873 2178 997 2242 iussum
1021 2177 1196 2257 provincia
1217 2175 1273 2240 de-

117 2279 250 2344 cedere.
272 2279 341 2344 Neo
357 2278 434 2342 Piso
449 2285 600 2344 moratus
616 2279 704 2345 ultra
720 2282 818 2346 navis
834 2281 943 2359 solvit,
967 2280 1274 2363 moderabaturque

117 2384 243 2464 cursui,
258 2403 323 2466 quo
340 2384 477 2464 propius
493 2385 736 2466 regrederetur,
761 2386 789 2449 si
815 2404 906 2450 mors
932 2383 1124 2451 Germanici
1139 2384 1273 2451 Suriam
1285 2401 1318 2456 ιο

118 2488 316 2570 aperuisset.

224 2592 274 2656 71.
298 2590 424 2657 Caesar
440 2592 610 2673 paulisper
626 2592 670 2656 ad
694 2609 786 2672 spem
813 2600 953 2672 erectus,
978 2594 1056 2658 dein
1080 2592 1170 2658 fesso
1195 2610 1271 2657 cor-

117 2715 211 2778 pore,
235 2695 293 2760 ubi
309 2693 383 2758 finis
400 2695 529 2775 aderat,
559 2695 764 2760 adsistentes
791 2697 918 2760 amicos
950 2697 984 2760 in
1015 2698 1104 2761 hunc
1135 2696 1271 2760 modum

117 2800 329 2883 adloquitur:
363 2799 410 2866 ‘Si
424 2799 495 2864 fato
511 2801 741 2881 concederem,
757 2802 863 2866 iustus
880 2801 961 2865 mihi
976 2800 1073 2866 dolor
1090 2802 1192 2865 etiam
1210 2801 1270 2865 ad-

118 2924 238 2971 versus
254 2905 335 2992 deos
351 2911 451 2990 esset,
476 2904 564 2987 quod
589 2922 642 2968 me
665 2904 862 2985 parentibus
886 2904 1001 2970 liberis
1025 2906 1157 2988 patriae
1183 2906 1272 2969 intra

116 3012 293 3075 iuventam
308 3013 523 3090 praematuro
540 3009 632 3072 exitu
647 3015 823 3089 raperent:
840 3029 929 3075 nunc
946 3009 1072 3075 scelere
1089 3008 1221 3073 Pisonis
1238 3013 1271 3070 et
1297 3023 1315 3075 5

117 3113 303 3179 Plancinae
319 3113 524 3192 interceptus
552 3110 687 3177 ultimas
717 3132 834 3194 preces
850 3113 1041 3196 pectoribus
1070 3112 1191 3176 vestris
1216 3128 1270 3175 re-

116 3217 252 3300 linquo:
275 3215 431 3281 referatis
446 3217 535 3296 patri
551 3235 591 3281 ao
610 3215 717 3296 fratri,
742 3217 863 3301 quibus
889 3217 1132 3282 acerbitatibus
1148 3217 1270 3281 dilace-

116 3327 222 3400 ratus,
232 3319 352 3403 quibus
368 3319 497 3384 insidiis
513 3320 761 3386 circumventus
772 3321 994 3386 miserrimam
1004 3321 1108 3386 vitam
1125 3322 1271 3403 pessima

117 3431 226 3491 morte
243 3423 394 3490 finierim.
418 3423 552 3507 Siquos
568 3443 645 3505 spes
669 3444 774 3506 meae,
799 3427 827 3490 si
852 3445 936 3508 quos
961 3427 1168 3514 propinquus
1193 3445 1269 3491 san·

117 3531 199 3610 guis,
216 3529 319 3596 etiam
334 3546 419 3610 quos
435 3529 561 3594 invidia
586 3547 665 3610 erga
689 3531 859 3596 viventem
883 3530 1051 3611 movebat,
1075 3531 1315 3601 inlacrimare

116 3633 202 3698 bunt
216 3632 387 3716 quondam
403 3629 577 3698 florentem
593 3639 627 3698 et
642 3640 693 3698 tot
708 3634 873 3699 bellorum
882 3636 1097 3715 superstitem
1115 3632 1270 3698 muliebri

118 3736 236 3802 fraude
251 3736 422 3803 cecidisse.
446 3737 516 3802 Erit
531 3737 628 3803 vobis
643 3738 738 3804 locus
754 3739 915 3822 querendi
931 3740 1021 3820 apud
1037 3743 1199 3818 senatum,
1215 3739 1268 3801 in-

117 3840 263 3907 vocandi
281 3841 379 3923 leges.
405 3840 480 3906 Non
503 3843 567 3907 hoc
592 3844 811 3924 praecipuum
843 3843 1028 3908 amicorum
1058 3861 1178 3906 munus
1208 3850 1269 3921 est,

118 3947 277 4028 prosequi
293 3943 487 4012 defunctum
503 3947 623 4028 ignavo
640 3955 769 4031 questu,
794 3949 854 4013 sed
870 3965 957 4030 quae
982 3946 1125 4011 voluerit
1149 3950 1267 4013 memi-

119 4049 220 4132 nisse,
236 4067 322 4132 quae
338 4049 550 4116 mandaverit
566 4053 711 4134 exsequi.
735 4050 879 4116 Flebunt
904 4047 1140 4114 Germanicum
1166 4051 1267 4116 etiam
1281 4067 1310 4122 15
