3010 4430
653 189 925 260 soausnurtcrrr
995 207 1004 228 ²
1031 217 1036 228 ·

319 383 368 448 25.
392 383 457 449 Sed
478 382 568 448 lama
593 384 711 450 classis
736 387 881 450 amissae
912 394 949 451 ut
976 375 1164 452 Germanos
1196 375 1238 452 ad
1260 395 1365 468 'spem

215 487 303 564 belli,
319 486 563 553 itaCaesarem
589 489 631 552 ad
657 491 881 554 coercendum
904 492 1020 556 erexit.
1045 490 1078 556 C.
1095 491 1176 557 Silio
1202 509 1279 556 oum
1304 491 1366 553 tri-

213 593 306 672 ginta
322 591 479 672 peditum,
496 591 602 656 tribus
619 594 768 674 equitum
784 593 919 658 milibus
936 596 984 659 ire
1001 596 1035 657 in
1050 593 1192 660 Chattos
1202 595 1366 674 imperat,

213 698 286 776 ipse
303 697 487 762 maioribus
513 699 618 779 copiis
643 698 772 763 Marsos
797 701 966 780 inrumpit,
989 719 1132 782 quorum
1158 701 1224 763 dux
1249 693 1368 768 Mallo·

186 803 344 870 svendus
357 821 464 884 nuper
480 803 514 865 in
530 802 736 868 deditionem
753 811 911 883 acceptus
937 805 1123 886 propinquo
1149 804 1224 868 luco
1251 803 1366 868 delos-

212 925 289 970 sam
303 905 473 971 Varianae
490 907 628 988 legionis
656 906 802 988 aquilam
822 908 955 972 modico
972 909 1141 988 praesidio
1158 909 1288 973 servari
1313 909 1367 971 in-

214 1010 313 1074 dicat.
344 1008 447 1074 Missa
472 1010 640 1090 extemplo
665 1029 794 1090 manus,
826 1015 913 1092 quae
937 1012 1069 1076 hostem
1086 1031 1106 1076 a
1123 1010 1233 1076 fronte
1264 1013 1367 1076 elice·-

166 1151 168 1158 ·
214 1120 275 1192 ret,
291 1113 356 1192 alii,
372 1115 429 1196 qui
444 1124 539 1195 terga
564 1115 796 1194 circumgressi
824 1114 1036 1180 recluderent
1061 1116 1215 1195 humum;
1247 1125 1281 1180 et
1312 1123 1367 1180 ut-

213 1218 327 1299 risque
353 1216 460 1281 adluit
484 1216 628 1283 fortuna.
653 1218 699 1282 Ec
730 1221 915 1302 promptior
943 1218 1069 1284 Caesar
1100 1220 1207 1300 pergit
1237 1221 1364 1284 intror-

170 1335 206 1390 10
215 1339 281 1398 sus,
310 1321 499 1402 populatur,
530 1322 679 1385 excindit
710 1340 778 1384 non
810 1340 928 1386 ausum
954 1323 1112 1404 congredi
1137 1323 1270 1387 hostem
1297 1329 1367 1401 aut,

214 1423 322 1490 sicubi
349 1427 531 1508 restiterat,
561 1427 674 1489 statim
706 1425 838 1506 pulsum
863 1421 926 1490 nec
950 1443 1109 1508 umquam
1125 1427 1240 1508 magis,
1270 1432 1307 1490 ut
1324 1445 1366 1490 ex

214 1529 358 1608 captivis
374 1530 542 1610 cognitum
562 1537 621 1607 est,
653 1536 842 1609 paventem.
878 1529 1006 1611 Quippe
1031 1530 1175 1594 invictos
1190 1539 1244 1595 ‚et-
1265 1530 1366 1594 nullis

214 1635 350 1699 casibus
388 1633 596 1714 superabiles
635 1633 805 1698 Romanos
842 1633 1095 1713 praedicabant,
1136 1635 1193 1715 qui
1229 1635 1364 1714 perdita

214 1739 332 1817 classe,
362 1738 494 1803 amissis
519 1737 632 1817 armis,
663 1744 739 1816 post
763 1744 937 1802 constrata
962 1757 1124 1820 equorum
1150 1739 1367 1821 virorumque

170 1842 412 1924 15c0rp0ribus
437 1842 537 1906 litora
563 1840 682 1906 eadem
707 1842 840 1920 virtute,
865 1842 938 1921 pari
963 1841 1091 1906 ferocia
1117 1848 1150 1906 et
1166 1841 1257 1904 velut
1274 1843 1366 1906 aucti

213 1965 354 2011 numero
372 1947 587 2026 inrupissent.

317 2051 367 2115 26.
392 2050 561 2114 Reductus
577 2051 654 2113 inde
671 2051 705 2112 in
722 2048 866 2114 hiberna
881 2050 985 2129 miles,
1009 2049 1119 2115 laetus
1144 2049 1257 2129 animi,
1274 2053 1364 2133 quod

213 2155 356 2220 adversa
372 2155 475 2218 maris
492 2154 704 2234 expeditione
721 2171 884 2232 prospera
900 2155 1116 2233 pensavisset.
1141 2155 1277 2219 Addidit
1292 2175 1365 2218 mu-

213 2257 419 2322 nificentiam
445 2256 582 2335 Caesar,
612 2263 773 2339 quantum
791 2257 865 2338 quis
881 2257 995 2321 damni
1021 2257 1191 2340 professus
1208 2265 1290 2336 erat,
1307 2275 1364 2322 ex-

213 2361 385 2425 solvendo.
410 2360 479 2425 Nec
494 2360 631 2424 dubium
659 2360 848 2426 habebatur
864 2360 981 2428 labare
1001 2365 1116 2428 hostes
1131 2364 1364 2453 petendaeque

178 2465 308 2545 'specis
324 2464 466 2529 consilia
482 2483 622 2543 sumere,
648 2465 725 2529 etsi
741 2467 895 2544 proxima
910 2473 1023 2531 aestas
1040 2469 1239 2544 adiceretur,
1264 2486 1365 2548 posse

214 2569 339 2634 bellum
363 2570 500 2651 patrari.
524 2569 589 2634 Sed
614 2570 743 2634 crebris
770 2571 920 2651 epistulis
945 2571 1099 2636 Tiberius
1125 2573 1286 2638 monebat
1312 2591 1364 2636 re-

212 2673 301 2737 diret
317 2675 360 2738 ad
378 2675 549 2739 decretum
566 2674 788 2753 triumphum:
818 2676 901 2739 satis
918 2676 983 2740 iam
1001 2684 1190 2754 eventuum,
1204 2679 1288 2741 satis
1305 2693 1363 2740 ca-

214 2797 319 2842 suum.
336 2778 504 2859 Prospera
520 2776 562 2841 illi
581 2782 615 2841 et
632 2795 754 2857 magna
773 2778 920 2857 proelia:
946 2798 1063 2844 eorum
1087 2799 1221 2862 quoqne
1246 2778 1364 2844 memi-

213 2883 327 2962 nisset,
343 2900 430 2964 quae
446 2884 537 2946 venti
555 2888 587 2946 et
603 2880 733 2960 lluctus,
757 2882 849 2946 nulla
866 2884 960 2947 ducis
976 2885 1084 2964 culpa,
1108 2885 1225 2965 gravia
1249 2889 1365 2948 tamen

168 3001 204 3057 10
214 2993 246 3050 et
263 3004 367 3050 saeva
384 2986 508 3049 damna
532 2984 731 3050 intulissent.
764 2985 807 3050 Se
833 2989 973 3051 noviens
1001 3006 1021 3051 a
1045 2987 1122 3051 divo
1147 2986 1297 3066 Augusto
1329 2987 1364 3049 in

210 3088 427 3154 Germaniam
445 3091 581 3153 missum
608 3089 704 3168 plura
732 3090 873 3154 consilio
899 3110 1000 3173 quam
1025 3093 1058 3154 vi
1084 3091 1275 3171 perfecisse.
1308 3090 1364 3156 Sic

213 3193 417 3274 Sugambros
433 3194 468 3257 in
484 3193 688 3256 deditionem
705 3200 872 3274 acceptos,
888 3196 936 3258 sic
952 3194 1082 3260 Suebos
1098 3211 1277 3276 regemque
1292 3193 1364 3257 Ma-

212 3296 402 3361 roboduum
427 3314 510 3378 paee
535 3297 743 3361 obstrictum.
781 3298 884 3364 Posse
909 3306 943 3363 et
959 3298 1148 3365 Cheruscos
1164 3305 1363 3380 ceterasque

213 3402 387 3467 rebellium
403 3409 528 3483 gentes,
543 3403 704 3484 quoniam
721 3403 895 3468 Romanae
912 3404 1031 3468 ultioni
1047 3404 1238 3468 consultum
1263 3411 1363 3474 esset.

169 3506 356 3580 minternis
371 3505 549 3570 discordiis
564 3505 715 3587 relinqui.
740 3505 906 3572 Precante
924 3505 1125 3572 Germanico
1151 3525 1277 3572 annum
1292 3505 1360 3572 eilr-

209 3611 339 3677 ciendis
369 3609 507 3689 coeptis,
538 3611 649 3672 acrius
680 3609 879 3674 modestiam
910 3612 981 3674 eius
1006 3611 1198 3692 adgreditur
1217 3610 1363 3674 alterum

208 3714 424 3778 consulatum
450 3712 632 3788 ollerendo,
664 3714 760 3776 cuius
786 3714 902 3778 munia
928 3732 1091 3794 praesens
1108 3714 1227 3779 obiret.
1257 3713 1364 3780 Simul

210 3817 425 3892 adnectebat,
455 3817 484 3878 si
510 3814 596 3878 foret
621 3816 731 3881 adhuc
748 3816 950 3898 bellandum,
966 3819 1170 3900 relinqueret
1187 3821 1364 3884 materiem

211 3921 309 3984 Drusi
325 3918 439 3983 fratris
456 3918 591 3998 gloriae,
623 3919 679 4000 qui
703 3921 795 3985 nullo
820 3928 891 3985 tum
908 3921 975 3986 alio
992 3922 1088 3986 hoste
1105 3921 1254 3986 nonnisi
1271 3923 1362 4001 apud

166 4023 414 4088 onuermantas
431 4022 570 4102 adsequi
597 4040 719 4087 nomen
744 4025 998 4104 imperatorium
1023 4031 1056 4090 et
1081 4025 1260 4105 deportare
1292 4026 1365 4090 lau-
