3010 4430
413 216 455 262 aa
477 215 619 277 nxcassu
642 215 781 263 uuonan
804 197 825 274 l,
849 176 986 264 38-42.
1251 201 1293 266 25

138 405 242 471 quam
267 387 381 470 quieta
404 388 562 452 contione
579 388 708 470 legatos
724 389 893 468 praesidio
910 390 1125 456 auxiliarium
1142 394 1292 476 equitum

138 490 285 556 dimittit.

243 595 294 660 40.
310 595 356 660 Eo
373 597 408 660 in
423 603 515 661 metu
531 615 672 679 arguere
695 595 933 664 Germanicum
960 579 1086 680 omnes,
1112 601 1201 686 quod
1225 617 1293 664 non

137 699 182 765 ad
206 701 417 780 superiorem
441 700 627 767 exercitum
651 708 814 783 pergeret,
844 703 901 767 ubi
927 704 1092 788 obsequia
1115 713 1149 769 et
1172 711 1293 769 contra

137 803 273 869 rebellis
289 804 470 869 auxilium:
486 805 569 868 satis
585 824 754 888 superque
769 807 930 872 missione
947 815 981 872 et
997 811 1141 888 pecunia
1158 815 1191 874 et
1208 807 1292 872 mol-

137 907 227 973 libus
243 907 405 1000 consultis
420 914 605 989 peccatum.
617 907 677 973 Vel
693 910 719 973 si
738 909 813 973 vilis
829 910 893 990 ipsi
910 911 1011 992 salus,
1021 930 1082 975 cur
1097 911 1201 975 filium
1216 930 1296 992 par-

137 1011 261 1091 vulum,
284 1030 344 1075 cur
369 1012 544 1094 gravidam
570 1012 748 1094 coniugem
773 1014 860 1078 inter
888 1012 1039 1080 furentes
1055 1021 1089 1080 et
1105 1015 1214 1079 omnis
1230 1014 1319 1082 hu-5

138 1116 231 1180 mani
246 1116 328 1179 iuris
344 1115 529 1181 violatores
554 1114 725 1180 haberet?
756 1116 832 1182 illos
848 1117 969 1182 saltem
985 1137 1050 1183 avo
1067 1125 1100 1182 et
1116 1119 1166 1184 rei
1182 1117 1292 1199 publi-

138 1237 200 1285 cae
215 1218 381 1284 redderet.
398 1217 460 1282 Diu
470 1224 648 1284 cunctatus
660 1227 899 1301 aspernantem
915 1239 1064 1300 uxorem,
1074 1241 1150 1286 cum
1167 1239 1204 1286 se
1214 1221 1292 1284 divo

138 1324 290 1404 Augusto
315 1328 424 1388 ortam
449 1341 560 1406 neque
577 1322 777 1404 degenerem
794 1324 837 1388 ad
855 1324 1006 1404 pericula
1021 1331 1211 1402 testaretur,
1235 1343 1293 1405 po-

139 1435 265 1494 stremo
288 1434 421 1492 uterum
447 1427 518 1493 eius
544 1434 576 1492 et
601 1447 813 1494 communem
838 1428 940 1493 filium
971 1428 1074 1494 multo
1106 1448 1183 1493 cum
1213 1429 1293 1494 ssetu

139 1532 344 1612 complexus,
360 1537 397 1594 ut
413 1531 522 1596 abiret
539 1531 693 1613 perpulit.
723 1532 907 1597 Incedebat
921 1533 1086 1599 muliebre
1102 1541 1137 1597 et
1151 1533 1338 1602 misera-10

101 1639 105 1646 '
137 1637 207 1704 bile
223 1655 355 1720 agmen,
369 1637 511 1720 profuga
527 1638 621 1702 ducis
638 1657 733 1717 uxor,
760 1639 938 1719 parvulum
956 1641 1031 1704 sinu
1047 1638 1152 1703 filium
1166 1656 1294 1721 garena,

137 1743 366 1808 lamentantes
391 1744 519 1808 circum
545 1744 732 1808 amicorum
757 1744 923 1825 coniugea
950 1763 1037 1828 quae
1063 1743 1162 1808 simul
1181 1744 1294 1808 trahe·

137 1848 272 1924 bantur,
288 1863 351 1911 nec
367 1847 479 1912 minus
493 1848 607 1914 tristes
624 1849 682 1931 qui
699 1848 891 1912 manebant.

243 1951 294 2016 41.
310 1951 385 2016 Non
399 1951 551 2017 florentis
566 1950 722 2018 Caesaris
739 1970 849 2035 neque
865 1953 934 2016 suis
947 1953 981 2015 in
993 1953 1122 2030 castris,
1134 1951 1193 2015 sed
1203 1950 1295 2015 velut

138 2055 177 2117 in
202 2052 284 2118 urbo
308 2045 398 2120 victa
424 2054 529 2120 iacies
554 2055 763 2139 gemitusque
789 2073 829 2121 ac
854 2055 1011 2136 planctus
1031 2055 1133 2118 etiam
1150 2055 1294 2118 militum

138 2174 242 2222 aures
272 2177 398 2242 oraque
429 2145 625 2225 advertere:
656 2161 913 2242 progrediuntur
939 2159 1180 2224 contuberniis.
1212 2158 1294 2238 Quis

138 2259 197 2326 ille
213 2261 333 2326 flebilis
349 2263 480 2328 sonus‘.>
512 2265 602 2348 quod
618 2272 688 2329 tam
713 2265 837 2330 triste?
868 2263 1010 2329 feminas
1035 2263 1203 2343 inlustres,
1225 2279 1295 2326 non

138 2366 373 2431 centurionem
407 2369 450 2432 ad
480 2369 631 2447 tutelam,
663 2389 731 2435 non
761 2370 911 2449 militem,
942 2369 1024 2433 nihil
1055 2368 1321 2458 impteratoriaeo

139 2469 257 2533 uxoris
274 2476 333 2533 aut
349 2473 531 2536 comitatus
548 2471 655 2536 soliti:
672 2491 811 2554 pergere
827 2473 870 2537 ad
886 2473 1050 2538 Treveros
1060 2469 1121 2558 [et]
1133 2478 1295 2536 externae

140 2572 227 2638 fidei.
253 2573 365 2638 Pudor
382 2575 459 2639 inde
477 2583 509 2639 et
525 2576 699 2640 miseratio
717 2583 750 2640 et
766 2578 874 2656 patris
889 2573 1068 2657 Agrippae,
1083 2575 1224 2656 Augusti
1241 2576 1296 2639 avi

139 2680 314 2757 memoria,
340 2697 436 2743 socer
461 2679 596 2760 DrusnS,
625 2681 700 2760 ipsa
724 2682 847 2762 insigni
873 2679 1087 2758 fecunditate,
1118 2679 1295 2760 praeclara

139 2782 321 2862 pudicitia;
339 2782 406 2846 iam
423 2783 536 2847 infans
552 2785 586 2848 in
603 2786 724 2849 castris
740 2786 881 2866 genitae,
898 2785 932 2848 in
949 2784 1173 2850 contubernio
1190 2783 1294 2864 legio-

139 2903 222 2948 num
238 2885 387 2964 eductus,
412 2905 512 2969 quem
528 2887 665 2952 militari
681 2889 848 2955 vocabulo
865 2886 1051 2969 Caligulam
1068 2885 1295 2968 appellabant,
1307 2902 1340 2956 10

139 2989 222 3073 quia
247 2988 444 3072 plerumque
470 2991 512 3054 ad
539 2991 752 3056 concilianda
777 2991 866 3073 vulgi
891 2992 1003 3056 studia
1019 3010 1058 3056 eo
1075 2992 1220 3072 tegmine
1237 3007 1295 3068 pe-

139 3095 222 3158 dum
238 3094 448 3160 induebatur.
481 3093 547 3160 Sed
565 3095 649 3160 nihil
667 3114 774 3179 aeque
789 3095 882 3160 llexit
899 3114 1001 3184 quam
1018 3094 1145 3158 invidia
1161 3094 1195 3157 in
1212 3093 1294 3158 Tre·

138 3215 259 3263 veros:
284 3204 385 3262 orant
400 3198 579 3278 obsistunt,
605 3198 730 3262 rediret
746 3205 907 3276 maneret,
923 3216 1003 3278 pars
1020 3197 1223 3279 Agrippinae
1240 3215 1295 3260 oc-

138 3308 328 3382 cursantes,
357 3301 492 3382 plurimi
522 3304 565 3366 ad
596 3301 834 3367 Germanicum
859 3302 1011 3382 regressi.
1042 3300 1140 3385 Isque
1163 3308 1199 3365 ut
1223 3307 1296 3365 erat

139 3427 261 3474 recens
276 3409 393 3475 dolore
409 3416 443 3475 et
458 3412 519 3488 ira,
535 3410 624 3492 apud
642 3408 863 3474 circumfusos
880 3410 927 3473 ita
944 3410 1062 3490 coepit.
1305 3422 1338 3474 15

245 3514 297 3577 42.
321 3513 404 3578 ’Non
429 3515 511 3578 mihi
536 3533 622 3578 uxor
638 3519 696 3577 aut
711 3513 798 3576 iilius
814 3520 912 3595 patre
930 3520 963 3578 et
978 3532 1015 3577 re
1032 3512 1167 3593 publica
1183 3512 1294 3575 cario-

138 3635 198 3682 res
213 3624 302 3698 sunt,
318 3618 377 3683 sed
393 3617 486 3682 illum
506 3618 640 3701 quidem
658 3635 718 3680 sua
735 3617 905 3695 molestae,
916 3617 1094 3697 imperium
1105 3615 1293 3679 Romanum

139 3721 249 3786 ceteri
264 3721 432 3786 exercitus
451 3720 641 3786 defendent.
673 3719 857 3802 Coniugem
874 3727 907 3786 et
932 3720 1058 3786 liberos
1083 3737 1185 3797 meon,
1209 3737 1294 3801 quos

139 3843 205 3908 pro
219 3824 327 3907 gloria
341 3831 456 3889 restra
472 3825 581 3890 libens
597 3825 640 3889 ad
666 3824 804 3888 exitium
830 3824 994 3904 offerrem,
1019 3841 1108 3902 nunc
1132 3822 1250 3903 procul
1274 3843 1295 3887 a

139 3928 331 3995 furentibus
347 3947 551 4007 summoveo,
567 3934 604 3992 ut
620 3928 782 4012 quidquid
798 3929 887 3992 istud
898 3928 1036 3992 sceleris
1046 3926 1205 4004 imminet,
1219 3947 1322 3998 mena

139 4041 274 4101 tantum
291 4034 452 4116 sanguine
467 4034 587 4114 pietur,
596 4051 681 4097 neve
698 4033 830 4098 occisus
846 4032 985 4112 Augusti
1002 4031 1293 4111 pronepoainter-
