906 1252
290 127 310 138 An
319 127 390 138 excessu
398 127 469 138 AuGus'rr
478 122 488 138 l.
497 123 565 138 70j74.
694 124 711 139 11

190 171 215 187 73.
228 170 276 186 Haud
285 170 347 190 pigebit
355 170 418 186 referre
427 170 444 186 in
453 170 522 186 Falanio
531 172 548 186 et
562 170 629 189 Rubrio,
645 171 715 186 modicis

137 196 222 216 emiitihue
231 196 317 215 Romanis,
324 198 449 215 praetemptata
458 197 534 215 crimme,
550 198 569 211 ut
581 197 643 216 quibus
659 197 716 218 initiis,

135 223 202 242 quanta
210 221 273 237 Tiberii
282 222 318 237 arte
326 221 443 241 gravissimum
451 221 521 237 exitium
530 221 624 242 inrepserit,
637 221 676 237 dein
688 226 713 237 re-

136 252 213 268 pressum
222 247 247 267 sit,
260 249 345 268 postremo
354 247 414 263 arserit
422 249 519 268 cunctaque
532 248 637 268 corripuerit,
652 252 713 264 nosca-

137 276 169 290 tur.
181 273 251 290 Falanio
259 273 344 290 obiciebat
353 275 446 294 accusator,
454 274 499 294 quod
508 274 552 290 inter
557 274 631 291 cultores
639 273 714 294 Augusti,
727 279 736 291 5

136 300 166 320 qui
175 304 204 320 per
218 304 277 316 ornnes
289 299 349 316 domos
361 300 379 315 in
394 300 462 316 modum
479 300 588 320 collegiorum
602 299 714 319 habebantur.

136 326 215 342 Cassium
223 326 307 347 quendam
313 326 381 341 mimum
387 330 459 346 corpore
465 326 545 342 infamem
551 326 655 345 adscivisset,
663 325 715 346 quod-

136 357 170 373 que
177 352 249 368 venditis
254 352 309 368 hortis
314 353 388 368 statuam
393 351 463 372 Augusti
469 352 517 368 simul
523 352 642 372 mancipasseL
651 352 714 368 Rubrio

136 378 204 394 crimini
212 378 285 395 dabatur
293 378 373 394 violatum
382 378 455 398 periurio
464 383 528 394 numen
540 378 615 399 Augusti.
627 378 673 398 Quae
686 378 714 394 ubi

137 404 206 421 Tiberio
214 406 290 424 notuere,
302 404 370 424 scripsit
377 404 475 420 consulibus
488 409 523 420 non
531 404 569 420 ideo
577 404 662 421 decretum
670 405 714 424 patri
721 409 737 422 ιο

136 435 171 446 suo
180 430 248 450 caelum,
256 432 274 446 ut
282 430 300 446 in
310 430 401 451 perniciem
410 430 471 447 civium
479 430 494 446 is
502 431 557 447 honor
565 431 663 447 verteretur⁴
675 429 715 446 Cas-

137 457 184 472 sium
192 457 289 473 histrionem
298 456 364 472 solitum
373 456 417 472 inter
430 456 472 473 alios
485 457 560 473 eiusdem
576 457 618 473 artis
633 457 715 473 interesse

136 482 186 502 ludis,
201 487 243 503 qnos
254 484 308 498 mater
321 487 352 498 sua
366 482 383 498 in
391 483 490 499 memoriam
499 482 570 503 Augusti
578 484 671 502 sacramen
682 487 714 499 nee

136 510 200 525 eontra
208 508 296 529 religiones
304 508 344 528 fieri,
352 508 397 529 quod
405 508 467 529 effigies
475 509 516 528 eins,
528 510 546 524 ut
554 508 588 525 alia
596 508 683 525 numinum
691 509 713 524 si-

137 534 220 554 mulam-a,
232 534 345 551 veditionibus
360 534 448 550 hortorum
464 536 480 551 et
493 535 573 550 domuum
586 534 672 550 accedant.
688 534 715 550 lus
722 539 737 552 15

137 560 229 576 iurandum
241 560 311 580 perinde
326 560 449 576 aestimandum
462 565 513 581 quam
525 561 539 576 si
553 560 608 576 lovem
622 560 715 576 fefellisset:

137 587 209 603 deorum
217 586 287 602 iniurias
296 586 321 602 dis
331 591 386 602 curae.

191 613 216 629 74.
227 612 262 629 Nec
269 613 321 629 multo
330 614 368 633 post
380 612 460 629 Granium
473 612 570 629 Marcellum
579 614 675 633 praetorem
687 612 714 628 Bi-

140 639 209 659 thyniae
217 640 297 659 quaestor
310 639 362 659 ipsius
375 638 437 659 Caepio
450 638 536 659 Crispinus
549 638 643 655 maiestatis
658 640 714 659 postu-

139 665 186 684 lavit,
196 665 313 681 subscribente
321 665 398 681 Romano
405 665 489 685 Hispone:
504 665 532 685 qui
540 664 613 681 formam
621 665 666 681 vitae
674 665 715 684 iniit,

139 695 192 711 quarn
199 692 259 711 postea
267 690 349 707 celebrem
363 691 441 707 miseriae
451 693 545 711 temporum
558 693 575 707 et
587 691 670 707 audaciae
685 691 715 707 ho-

139 717 203 733 minurn
211 717 292 733 fecerunt*
303 717 346 733 Nam
360 722 414 737 egens,
427 717 498 737 ignotus,
511 717 580 738 inquies,
593 717 632 733 dum
645 717 715 733 occultis
728 721 737 734 5

138 743 201 759 libellis
209 744 291 760 saevitiae
299 744 380 764 principis
388 744 458 764 adrepit,
466 748 505 760 mox
514 744 608 760 clarissimo
621 744 680 764 cuique
688 748 716 763 pe-

138 769 212 785 riculum
220 769 293 789 facessit,
309 770 402 790 potentiam
415 770 459 790 apud
471 774 528 789 unum,
544 769 600 785 odium
609 769 653 789 apud
662 769 716 785 omnis

140 795 212 816 adeptus
220 796 265 812 dedit
274 795 373 816 exemplum=
386 795 430 816 quod
438 795 492 812 secuti
504 800 525 812 ex
537 795 639 816 pauperibus
651 795 716 815 divites,

139 826 162 837 ex
177 822 277 842 contemptis
292 822 377 838 metuendi
391 822 482 842 perniciem
496 822 533 838 aliis
546 826 566 838 ac
574 823 677 842 postremum
684 822 716 837 sibi

138 848 225 869 invenere
243 847 276 864 Sed
289 847 386 864 Marcellum
399 848 509 864 insimulabat
521 848 598 864 sinistros
611 847 631 863 de
647 847 715 864 Tiberio
722 852 738 865 10

139 878 228 890 sermones
237 874 321 894 hahuisse,
329 874 426 890 inevitabile
434 874 503 894 crimen,
511 879 550 890 cum
558 878 579 890 ex
587 873 662 890 moribus
670 874 716 894 prin-

138 899 183 920 cipis
194 899 291 916 foedissima
304 905 380 920 quaeque
393 900 473 920 deligeret
486 901 576 916 aeeusator
590 900 716 920 obiectaretque

139 930 176 942 reo⁴
187 925 229 942 Nam
238 926 278 946 quia
285 930 326 942 vera
334 927 387 945 erant,
399 926 451 942 etiam
464 926 510 942 dicta
518 925 636 942 credebantur.
648 922 716 942 Addidit

140 952 193 972 Hispo
201 954 275 968 statuam
283 952 358 968 Marcelli
367 952 417 968 altius
425 956 476 972 quam
484 951 575 968 Caesarum
587 952 641 971 sitam,
654 953 670 968 et
683 952 715 967 alia

138 978 158 993 in
168 979 222 994 statua
230 979 317 999 amputato
330 978 385 998 capite
398 977 468 998 Augusti
481 977 551 998 effigiem
566 977 628 994 Tiberii
641 978 715 993 inditam⁴
723 981 738 994 15

139 1003 169 1019 Ad
177 1005 219 1024 quod
227 1004 292 1021 exarsit
300 1004 348 1024 adeo,
360 1006 379 1020 ut
391 1006 441 1024 rupta
453 1004 569 1020 taciturnitate
578 1004 691 1024 proclamaret
698 1008 716 1019 se

138 1034 207 1050 quoque
215 1031 232 1047 in
240 1035 260 1047 ea
269 1035 321 1047 eausa
328 1030 402 1046 laturum
411 1030 512 1046 sententiam
518 1030 574 1050 palam
580 1031 597 1046 et
601 1030 678 1049 iuratum,
683 1034 716 1050 quo

138 1056 203 1072 ceteris
211 1057 271 1073 eadem
279 1057 371 1073 necessitas
379 1056 431 1072 fieret.
444 1056 536 1072 Manebant
545 1056 595 1072 etiam
603 1057 639 1071 tum
646 1055 717 1076 vestigia

138 1082 228 1099 morientis
236 1082 324 1099 libertatis.
340 1082 391 1103 Igitur
406 1082 435 1098 Cn.
444 1081 483 1098 Piso
497 1082 540 1102 ‘qno'
554 1081 607 1102 inquit
621 1081 664 1097 ‘loco
677 1086 715 1097 cen-
