3010 4430
429 283 471 330 ss
486 233 628 332 nxcsssu
643 283 781 331 sucusrr
797 265 834 330 ll.
850 265 988 332 71-77.
1227 269 1266 334 81

222 457 272 520 74.
284 455 519 528 Consultatum
528 455 607 521 inde
623 455 711 520 inter
726 454 855 538 legatos
870 458 992 541 quique
1008 457 1065 523 alii
1075 464 1270 524 senatorum

114 563 270 640 aderant,
285 561 441 644 quisnam
455 558 575 625 Suriae
599 559 846 640 praeficeretur.
878 562 917 625 Et
936 562 1058 627 ceteris
1073 562 1204 628 modice
1220 563 1270 626 ni·

115 665 173 745 sis,
189 665 278 729 inter
293 663 429 734 Vibium
443 661 591 727 Marsum
607 669 640 728 et
656 661 714 728 Cn.
730 663 882 730 Sentium
896 666 953 728 diu
969 667 1177 748 quaesitum:
1194 667 1272 732 dein

114 768 249 834 Marsus
264 768 390 833 seniori
406 774 439 832 et
454 768 566 834 acrius
591 767 743 833 tendenti
766 768 882 836 Sentio
898 771 1074 835 concessit.
1097 771 1193 854 Isque
1217 773 1269 836 in-

117 871 242 938 famem
258 871 427 938 veneiiciis
443 890 485 936 ea
500 871 534 935 in
550 872 725 952 provincia
740 878 774 937 et
800 872 983 938 Plancinae
1008 893 1185 954 percaram
1211 894 1270 940 no·
1297 893 1315 944 5

115 978 209 1041 mine
223 975 402 1041 Martinam
416 977 452 1040 in
467 975 586 1040 urbem
601 975 700 1054 misit,
724 976 975 1056 postulantibus
999 977 1136 1064 Vitellio
1151 997 1191 1044 ac
1207 977 1272 1043 Ve-

116 1081 215 1145 ranio
232 1080 428 1171 ceterisque,
452 1079 509 1162 qui
534 1079 675 1144 crimina
700 1085 732 1144 et
748 1081 1000 1146 accusationem
1015 1088 1188 1164 tamquam
1211 1082 1271 1147 ad-

116 1202 238 1249 versus
252 1189 407 1264 receptos
422 1183 490 1248 iam
505 1201 583 1247 reos
599 1183 819 1249 instruebant.

223 1285 273 1352 75.
296 1285 340 1350 At
355 1285 539 1368 Agrippina
568 1304 774 1368 quamquam
798 1285 932 1352 defessa
956 1288 1047 1353 luctu
1072 1295 1106 1353 et
1129 1307 1272 1370 corpore

115 1411 232 1472 aegro,
247 1391 397 1456 omnium
412 1397 527 1456 tamen
542 1407 630 1473 quae
655 1390 817 1456 ultionem
840 1399 1053 1457 morarentur
1079 1393 1273 1473 intolerans,

119 1497 272 1561 ascendit
287 1495 430 1561 classem
446 1513 522 1588 curn
548 1491 717 1559 cineribus
741 1493 932 1561 Germanici
960 1504 994 1561 et
1017 1489 1142 1578 liberis,
1171 1499 1271 1563 mise·

117 1599 272 1666 rantibus
296 1599 435 1679 cunctis,
459 1598 547 1681 quod
573 1596 698 1663 femina
717 1598 900 1664 nobilitate
924 1601 1091 1683 princeps,
1116 1602 1271 1684 pulcher-

117 1705 206 1770 rimo
222 1704 322 1769 modo
339 1702 555 1774 matrimonio
575 1702 664 1766 inter
688 1695 886 1768 ¹venerantis
910 1707 1140 1789 gratantisque
1165 1708 1273 1787 aspici
1301 1725 1316 1776 s

116 1808 229 1888 solita,
240 1814 319 1872 tunc
335 1806 450 1872 feralis
464 1805 626 1888 reliquias
642 1805 718 1870 sinu
735 1805 847 1884 ferret,
862 1807 994 1872 incerta
1010 1809 1158 1886 ultiouis
1173 1812 1274 1875 anxia

116 1913 172 1976 sui
188 1917 222 1976 et
237 1910 362 1976 infelici
378 1909 586 1975 fecunditate
602 1907 759 1974 fortunae
784 1911 911 1975 totiens
936 1910 1093 1976 obnoxia.
1116 1913 1274 1978 Pisonem

117 2018 256 2082 interim
272 2017 360 2097 apud
384 2013 491 2080 Coum
515 2013 660 2077 insulam
691 2013 829 2082 nuntius
860 2013 1057 2097 adscquitur
1087 2017 1273 2082 excessisse

116 2121 366 2188 Germanicum.
404 2118 476 2200 Quo
502 2119 765 2198 intemperanter
796 2123 936 2200 accepto
967 2119 1079 2184 caedit
1107 2121 1273 2198 victimas,

117 2227 191 2292 adit
207 2224 341 2305 templa,
356 2239 466 2305 neque
481 2222 552 2300 ipse
569 2220 727 2302 gaudium
744 2221 924 2287 moderans
941 2229 973 2288 ct
998 2224 1105 2305 magis
1128 2223 1316 2292 insoles-10

117 2337 217 2397 cente
232 2329 405 2408 Plancina,
429 2343 516 2409 quae
540 2324 666 2390 luctum
691 2325 837 2391 amissae
868 2327 994 2391 sororis
1025 2333 1096 2392 tum
1126 2329 1270 2410 primurn

117 2435 209 2500 laeto
225 2432 317 2498 cultu
332 2431 483 2495 mutavit.
790 2419 793 2424 ’

222 2536 273 2602 76.
297 2536 497 2602 Adfluebant
528 2535 744 2600 centuriones
765 2534 1019 2619 ¹monebantque
1044 2544 1200 2619 prompta
1224 2538 1272 2603 illi

117 2643 288 2725 legionum
302 2640 432 2706 studia:
462 2644 632 2720 repeteret
656 2637 866 2718 provinciam
891 2656 960 2702 non
986 2639 1057 2705 iure
1075 2640 1225 2705 ablatam
1240 2647 1273 2706 ct

117 2765 273 2814 vacuam.
290 2745 391 2826 Igitur
406 2742 487 2827 quid
503 2741 668 2824 agendum
685 2738 892 2805 consultanti
907 2739 946 2804 M.
957 2741 1035 2806 Piso
1051 2741 1137 2807 lilius
1153 2762 1272 2825 prope·

117 2851 262 2916 randum
278 2851 314 2914 in
329 2850 447 2913 urbem
464 2845 643 2912 censebat:
666 2843 750 2907 nihil
776 2844 886 2909 adhuc
915 2845 1120 2926 inexpiabile
1148 2848 1271 2913 admis-

119 2974 201 3035 sum,
216 2970 326 3036 neque
341 2951 549 3032 suspiciones
564 2947 741 3013 inbecillas
758 2952 817 3011 aut
835 2947 951 3012 inania
976 2948 1087 3014 famae
1112 2952 1272 3031 pertime·
1300 2972 1315 3021 5

118 3058 255 3124 scenda.
278 3055 488 3123 Discordiam
504 3071 584 3134 erga
598 3050 836 3118 Germanicum
861 3051 937 3116 odio
963 3051 1107 3118 fortasse
1131 3055 1273 3138 dignam,

118 3179 188 3226 non
202 3178 331 3242 poena3
358 3165 392 3225 et
407 3158 622 3239 ademptione
639 3155 836 3236 provinciae
862 3155 946 3220 satis
970 3153 1097 3220 factum
1121 3159 1274 3228 inimicis.

119 3263 216 3344 Quod
231 3265 260 3330 si
273 3263 517 3345 regrederetur,
541 3261 727 3326 obsistente
750 3257 867 3324 Sentio
884 3257 981 3324 civile
1006 3259 1130 3327 bellum
1154 3265 1274 3347 incipi;

119 3385 185 3433 nec
199 3368 380 3433 duraturos
396 3365 599 3446 inpartibus
615 3362 831 3429 centuriones
847 3362 1053 3446 militesque,
1077 3370 1165 3450 apud
1191 3390 1275 3453 quos

118 3491 240 3538 recens
256 3471 469 3552 imperatoris
484 3470 536 3535 sui
551 3467 715 3532 memoria
731 3469 764 3528 ct
783 3465 917 3545 penitus
941 3466 1063 3533 infixus
1088 3470 1122 3534 in
1147 3469 1315 3544 Caesa-10

118 3595 178 3644 res
193 3593 287 3640 arnor
302 3573 524 3656 praevaleret.
617 3597 619 3602 v

225 3678 274 3743 77.
297 3675 426 3742 Contra
441 3675 603 3742 Domitius
619 3671 725 3748 Celer,
749 3688 791 3735 cx
815 3671 935 3736 intima
951 3673 1022 3737 cius
1039 3675 1196 3757 amicitia,
1212 3678 1277 3743 dis-

119 3782 227 3848 seruit
241 3780 402 3846 utendum
416 3784 556 3845 eventu:
571 3776 738 3853 Pisonem,
753 3791 822 3838 non
832 3772 983 3839 Sentium
999 3774 1117 3844 Suriae
1132 3797 1275 3862 praepo·

118 3887 240 3965 situm3
269 3886 347 3954 huic
375 3884 485 3949 fasces
510 3889 544 3948 et
568 3882 620 3945 ius
645 3878 822 3961 praetoris
847 3877 924 3941 huic
948 3878 1095 3958 legiones
1111 3883 1218 3948 datas.
1240 3884 1274 3951 Si

117 3987 205 4074 quid
219 3988 338 4053 hostile
353 3973 495 4068 ingruat,
510 4002 610 4067 quern
633 3982 752 4047 iustius
766 3971 873 4044 ¹arma
897 3982 1137 4063 oppositurum,
1165 4005 1275 4070 qnam

117 4091 185 4176 qui
197 4091 295 4173 legati
311 4091 548 4156 auctoritatem
564 4094 597 4154 et
613 4087 751 4169 propria
766 4083 928 4148 mandata
944 4087 1137 4165 acceperit?
1162 4090 1273 4156 Relin·
1300 4109 1317 4158 5

179 4223 276 4269 did-lla.
290 4224 422 4276 usmatny:
436 4222 513 4266 'l'acitl
526 4223 640 4266 Annales.
1211 4212 1227 4260 6
