3010 4430
430 217 471 260 ss
488 213 628 263 nxcrssu
643 213 783 261 aucusrr
798 195 820 258 l.
836 195 974 260 74-79.
1237 194 1279 259 43

231 389 281 452 77.
297 387 340 451 At
355 388 479 453 theatri
495 387 640 466 licentia,
655 386 809 468 proximo
825 387 938 466 priore
955 402 1045 449 anno
1056 391 1186 466 coepta,
1201 401 1278 465 gra-

122 493 200 556 vius
215 497 287 555 tum
303 491 421 572 erupit,
450 492 572 556 occisis
587 509 656 555 non
671 491 773 555 modo
798 509 817 555 o
840 490 947 573 plebe,
978 491 1037 556 sed
1053 487 1215 553 militibus
1245 493 1280 551 et

124 595 333 672 centurione,
347 595 525 660 vulnerato
540 594 676 660 tribuno
698 594 890 674 praetoriae
915 595 1076 674 cohortis,
1100 593 1184 657 dum
1199 608 1278 673 pro-

122 700 191 764 bra
214 698 249 764 in
272 699 491 780 magistratus
516 704 550 763 et
574 699 819 763 dissensionem
835 698 926 780 vulgi
941 697 1134 778 prohibent.
1157 694 1279 760 Actum

124 803 169 867 de
187 819 228 867 ea
241 802 407 868 seditione
416 802 506 883 apud
517 809 632 883 patres
642 801 909 886 dicebanturque
918 801 1119 883 sententiae,
1134 805 1171 863 ut
1181 817 1279 880 prae·
1307 817 1323 868 u

124 904 259 969 toribus
274 905 327 970 ius
342 906 511 988 virgarum
527 905 562 969 in
578 905 760 970 histriones
775 908 872 970 esset.
909 903 1107 972 Intercessit
1122 903 1279 967 Haterius

126 1009 275 1092 Agrippa
290 1010 446 1075 tribunus
461 1009 572 1092 plebei
588 1011 840 1094 increpitusque
869 1016 920 1075 est
943 1009 1052 1074 Asinii
1082 1007 1169 1074 Galli
1199 1026 1278 1073 ora·

125 1114 230 1192 tione,
244 1113 363 1180 silente
379 1114 523 1193 Tiberio,
538 1113 595 1197 qui
611 1131 652 1179 ea
661 1113 843 1180 simulacra
859 1113 1027 1179 libertatis
1038 1112 1171 1177 senatui
1180 1130 1279 1194 prae·

125 1217 239 1284 bebat.
261 1218 376 1283 Voluit
390 1225 505 1283 tamen
520 1219 728 1296 intercessio,
758 1220 838 1302 quia
854 1219 950 1283 divus
966 1217 1136 1300 Augustus
1161 1217 1280 1282 immu-

126 1339 190 1386 nes
204 1321 383 1386 verberum
398 1322 580 1388 histriones
596 1322 767 1405 quondam
782 1322 1013 1403 responderat,
1029 1339 1138 1405 nequo
1154 1320 1205 1385 fas
1222 1318 1278 1384 Ti·
1290 1337 1326 1391 10

125 1425 227 1488 herio
243 1424 422 1508 intringere
437 1427 530 1491 dicta
545 1426 626 1492 eius.
642 1426 689 1491 De
704 1426 806 1491 modo
822 1427 947 1492 lucaris
963 1431 997 1490 et
1008 1425 1170 1490 adversus
1180 1423 1280 1488 lasei-

125 1529 223 1592 viam
238 1526 404 1594 fautorum
420 1530 526 1594 multa
543 1529 788 1609 decernuntur3
813 1547 855 1595 ex
871 1531 947 1612 quis
964 1530 1111 1595 maxime
1126 1527 1280 1608 insignia,

127 1649 174 1697 ne
190 1631 306 1696 domos
321 1634 605 1714 pantomimorum
621 1640 759 1699 senator
774 1635 939 1713 introiret,
963 1652 1006 1699 ne
1023 1633 1231 1714 egredientes
1246 1631 1281 1694 in

127 1735 298 1817 publicum
314 1739 444 1820 equites
459 1737 604 1803 Romani
620 1738 803 1820 cingerent,
818 1743 877 1802 aut
893 1737 975 1803 alibi
990 1755 1092 1821 quam
1102 1736 1137 1799 in
1147 1737 1282 1802 theatro

128 1847 372 1925 spectarentur,
388 1851 421 1911 et
434 1845 660 1927 spectantium
670 1843 916 1909 immodestiam
928 1842 1028 1907 exilio
1038 1840 1205 1906 multandi
1219 1858 1279 1921 po·
1292 1856 1327 1908 to

132 1952 240 2012 testas
254 1948 468 2028 praetoribus
483 1947 587 2014 fieret.

234 2049 284 2116 78.
302 2049 477 2134 Templum
494 2053 582 2117 utin
598 2050 733 2116 colonia
747 2045 996 2116 Tarraconensi
1012 2055 1199 2116 strueretur
1215 2048 1282 2113 Au-

126 2160 226 2238 gusto
245 2156 436 2242 petentibus
461 2155 619 2237 Hispanis
644 2155 852 2237 permissum,
883 2153 1068 2238 datumque
1094 2155 1131 2219 in
1162 2173 1280 2222 omnes

127 2259 323 2340 provincias
339 2260 536 2342 exemplum.
552 2259 780 2325 Centesimum
795 2277 909 2324 rerum
923 2258 1096 2324 venalium
1105 2265 1183 2340 post
1191 2258 1281 2324 bella

127 2362 244 2427 civilia
258 2363 446 2428 institutam
463 2363 667 2445 deprecante
686 2363 810 2444 populo
827 2364 932 2428 edixit
955 2362 1111 2428 Tiberius
1135 2363 1281 2428 militare

127 2465 300 2531 aerarium
316 2484 356 2531 eo
372 2467 521 2533 subsidio
537 2467 616 2547 niti;
632 2467 730 2532 simul
740 2467 904 2548 imparem
915 2468 1092 2533 onerirem
1103 2466 1282 2548 publicam,
1308 2484 1326 2534 o

128 2570 200 2633 nisi
215 2570 400 2636 vicensimo
417 2572 557 2637 militiae
573 2590 663 2636 anno
679 2571 833 2637 veterani
849 2571 1108 2637 dimitterentur.
1125 2570 1176 2636 lta
1201 2589 1280 2653 pro-

127 2675 243 2738 ximae
259 2674 434 2739 seditionis
449 2674 537 2740 male
554 2676 717 2755 consulta,
732 2674 854 2758 quibus
872 2675 1021 2740 sedecim
1036 2675 1282 2756 stipendiorum

126 2777 230 2841 tinem
249 2785 496 2858 expresserant,
511 2779 640 2844 abolita
655 2781 691 2843 in
706 2784 887 2859 posterum.

236 2880 285 2946 79.
308 2881 430 2947 Actum
445 2883 567 2948 deinde
583 2884 618 2947 in
633 2888 753 2948 senatu
769 2881 812 2947 ab
828 2881 990 2947 Arruntio
1006 2888 1041 2948 et
1056 2882 1162 2963 Ateio,
1179 2883 1282 2948 anob

128 2985 359 3050 moderandas
370 2985 501 3052 Tiberis
512 2987 756 3053 exundationes
766 2992 978 3051 verterentur
988 2986 1126 3050 flumina
1136 2991 1170 3050 et
1180 2985 1284 3065 lacus,

127 3107 192 3171 per
207 3107 291 3171 quos
307 3091 473 3172 augescit;
503 3091 707 3173 auditaeque
738 3091 998 3172 municipiorum
1025 3095 1058 3154 et
1074 3089 1284 3154 coloniarum

125 3193 324 3276 legationes,
347 3195 524 3260 orantibus
548 3195 764 3276 Florentinis,
791 3213 834 3259 ne
859 3193 975 3259 Clanis
991 3194 1090 3258 solito
1108 3193 1205 3258 alveo
1222 3195 1281 3260 de-

127 3301 244 3361 motus
257 3297 293 3360 in
309 3315 443 3362 amnem
458 3291 585 3363 Arnum
601 3297 843 3363 transferretur
863 3298 963 3380 idque
988 3298 1072 3378 ipsis
1097 3298 1282 3378 perniciem
1310 3316 1329 3366 s

128 3397 287 3468 adferret
312 3399 539 3483 Congruentia
568 3401 620 3466 his
645 3401 892 3467 Interamnates
909 3401 1118 3466 disseruere:
1149 3420 1284 3482 pessum

127 3509 240 3570 ituros
254 3504 510 3571 fecundissimos
529 3506 647 3570 ltaliae
663 3525 813 3587 campos,
843 3508 873 3570 si
897 3507 1007 3571 amnis
1030 3505 1100 3571 Nar
1130 3505 1178 3590 (id
1194 3507 1282 3571 enim

127 3608 332 3693 parabatur)
356 3610 391 3673 in
407 3611 499 3675 rivos
515 3610 672 3674 diductus
696 3612 1032 3692 superstagnavisset.
1056 3609 1125 3675 Nec
1151 3609 1285 3674 Reatini

128 3712 289 3792 silebant,
312 3713 470 3779 Velinum
489 3714 692 3797 lacumque
719 3717 755 3779 in
784 3713 910 3779 Narem
935 3714 1126 3792 effunditur,
1158 3712 1285 3777 obstrui

127 3823 339 3900 recusantes,
361 3819 485 3900 quippe
508 3818 544 3882 in
567 3818 757 3883 adiacentia
774 3824 986 3899 erupturum:
1017 3821 1153 3899 optume
1183 3814 1330 3887 rebus10

127 3920 325 3988 mortalium
341 3921 552 3986 consuluisse
567 3928 735 4001 naturam,
751 3939 838 4006 quae
849 3939 911 3986 sua
921 3939 983 3987 ora
996 3918 1197 3997 fluminibus,
1207 3938 1286 3985 suos

128 4043 254 4092 cursus
269 4030 372 4108 utque
388 4025 559 4108 originem,
588 4026 637 4090 ita
656 4024 739 4089 lines
769 4025 917 4106 dederit;
948 4021 1152 4105 spectandas
1183 4027 1285 4093 etiam
