3010 4430
225 217 268 287 50
663 233 815 282 coenatu
831 233 938 285 rtcrrr
991 281 993 286 ,

226 404 335 468 turios
350 403 453 483 incipi
469 401 683 485 legionesque
699 407 733 465 et
743 407 952 466 commeatus
963 401 1090 482 pariter
1100 402 1192 485 vehi,
1208 404 1377 483 integrum
1414 404 1418 421 “

184 525 216 578 15
228 508 374 590 equitem
391 525 560 590 equosque
585 524 644 587 per
661 523 722 570 ora
738 512 772 570 et
788 504 904 570 alveos
921 504 1095 570 fluminum
1115 507 1226 572 media
1241 508 1276 572 in
1291 505 1375 572 Ger-

229 610 440 680 maniafore.
543 649 546 662 ·

331 751 360 815 6.
384 749 485 831 Igitur
500 750 567 813 huc
591 748 744 828 intendit,
775 749 887 813 missis
914 750 959 822 ad
982 767 1103 813 census
1132 747 1318 814 Galliarum
1343 747 1378 813 P.

227 855 362 921 Vitellio
380 861 413 920 et
428 852 461 918 C.
478 853 588 918 Antio.
612 852 713 918 Silius
730 858 763 916 et
787 851 930 922 Anteius
946 859 979 918 et
995 851 1141 918 Caecina
1156 851 1380 916 fabricandae

226 945 326 1026 classi
343 963 607 1040 praeponuntur.
630 955 720 1020 Mille
745 974 849 1020 naves
873 955 1031 1022 sufficere
1046 951 1139 1022 visae
1156 961 1378 1037 properatae-

226 1081 300 1146 que,
316 1062 404 1126 aliae
421 1061 551 1140 breves
576 1068 718 1143 angusta
734 1062 836 1142 puppi
853 1079 1021 1144 proraque
1030 1063 1072 1126 'et
1088 1061 1157 1126 lato
1173 1067 1280 1138 utero,
1311 1081 1379 1143 quo

200 1166 360 1236 5facilius
377 1165 497 1231 fluctus
513 1165 718 1247 tolerarent3
749 1167 916 1246 quaedam
943 1167 1066 1246 planae
1087 1166 1220 1243 carinis,
1251 1171 1286 1228 ut
1305 1166 1381 1229 sine

228 1288 317 1335 noxa
334 1271 501 1350 siderent3
526 1268 638 1350 plures
658 1269 823 1348 adpositis
839 1270 1007 1352 utrimque
1024 1268 1268 1350 gubernaculis
1293 1261 1379 1334 con-

225 1393 324 1439 verso
340 1379 377 1436 ut
406 1379 545 1454 repente
560 1373 701 1454 remigio
717 1373 797 1437 hinc
813 1373 867 1436 vel
884 1371 976 1438 illinc
993 1373 1219 1454 adpellerent;
1250 1373 1379 1439 multae

225 1477 384 1560 pontibus
401 1483 538 1557 stratae,
563 1495 663 1557 super
679 1496 764 1560 quas
779 1483 948 1542 tormenta
964 1477 1176 1558 veherentur,
1201 1477 1299 1542 simul
1315 1496 1378 1558 ap-

226 1588 282 1646 tae
300 1580 447 1645 ferendis
463 1582 558 1662 equis
574 1586 633 1644 aut
650 1581 870 1660 commeatui3
896 1581 980 1645 velis
1006 1581 1146 1661 habiles,
1171 1583 1259 1646 citae
1275 1583 1379 1647 remis

185 1704 217 1754 to
228 1683 440 1766 augebantur
465 1685 642 1749 alacritate
669 1684 811 1749 militum
836 1685 871 1749 in
895 1685 1043 1765 speciem
1069 1704 1109 1750 ac
1125 1691 1299 1750 terrorem.
1323 1685 1379 1748 ln-

226 1789 300 1854 sula
317 1787 523 1853 Batavorum
546 1789 582 1854 in
607 1807 708 1872 quam
734 1789 956 1852 convenirent
982 1788 1164 1870 praedicta,
1190 1789 1233 1853 ob
1259 1787 1379 1854 faciles

227 1894 389 1975 adpulsus
405 1894 677 1977 accipiendisque
694 1894 800 1974 copiis
826 1899 859 1956 et
878 1894 1177 1958 transmittendum
1193 1893 1236 1958 ad
1253 1893 1379 1958 bellum

227 2004 427 2079 opportuna.
449 1996 536 2062 Nam
560 1997 697 2064 Rhenus
722 2016 790 2062 uno
817 1999 914 2063 alveo
947 1998 1127 2061 continuus
1153 2004 1211 2062 aut
1226 1997 1379 2062 modicas

226 2103 354 2168 insulas
371 2103 638 2168 circumveniens
663 2104 752 2184 apud
768 2103 970 2183 principium
987 2102 1058 2182 agri
1082 2101 1202 2170 Batavi
1226 2101 1318 2165 velut
1342 2102 1379 2166 iu

186 2205 312 2274 mduos
329 2224 447 2269 amnes
471 2205 639 2284 dividitur,
663 2213 844 2288 servatque
869 2223 993 2270 nomen
1019 2210 1051 2270 et
1076 2204 1274 2270 violentiam
1299 2223 1379 2270 cur·

227 2327 293 2387 sus,
318 2326 384 2390 qua
400 2305 617 2372 Germaniam
633 2309 858 2389 praeuehitur,
884 2309 992 2373 donec
1017 2307 1152 2374 Oceano
1177 2310 1379 2374 misceatur:

223 2412 270 2476 'ad
287 2409 450 2476 Gallicam
466 2412 575 2492 ripam
590 2412 692 2477 latior
708 2417 741 2476 et
756 2411 921 2493 placidior
946 2412 1097 2477 adfluens
1121 2410 1234 2496 (verso
1251 2431 1379 2494 cogno·

228 2519 342 2578 mento
359 2513 524 2579 Vahalem
541 2515 678 2580 accolae
696 2513 834 2600 dicunt),
859 2534 937 2580 mox
962 2516 995 2580 id
1022 2535 1154 2598 quoque
1172 2515 1379 2582 vocabulum

228 2624 335 2683 mutat
350 2617 444 2684 Mosa
460 2618 596 2685 flumine
607 2620 745 2704 eiusque
762 2620 914 2684 inmenso
926 2639 986 2684 ore
996 2619 1139 2685 eundem
1155 2621 1190 2684 in
1204 2617 1379 2685 Oceanum

182 2743 216 2808 20
228 2725 416 2791 effunditur.

332 2863 360 2928 7.
386 2862 452 2928 Sed
478 2861 611 2941 Caesar,
636 2865 714 2928 dum
738 2865 918 2947 adiguntur
941 2882 1055 2944 naves,
1084 2864 1200 2930 Silium
1231 2863 1380 2945 legatum

228 2987 304 3032 cum
322 2968 480 3048 expedita
496 2986 598 3032 manu
609 2969 836 3048 inruptionem
853 2969 887 3032 in
897 2967 1038 3054 Chattos
1049 2968 1162 3034 facere
1178 2968 1288 3033 iubet:
1305 2969 1380 3048 ipse

228 3073 342 3136 audito
360 3071 537 3137 castellum
553 3072 679 3153 Lupiae
703 3071 832 3136 flumini
857 3073 1047 3154 adpositum
1064 3071 1221 3152 obsideri,
1244 3091 1304 3136 sex
1327 3071 1379 3136 le-

228 3177 344 3258 giones
361 3194 401 3241 eo
418 3177 522 3241 duxit.
546 3175 661 3260 Neque
678 3175 760 3242 Silio
777 3175 821 3240 oh
838 3175 968 3241 subitos
996 3175 1123 3240 imbres
1148 3175 1239 3240 aliud
1264 3181 1380 3240 actum

197 3297 329 3361 nquam
345 3286 382 3342 ut
397 3279 566 3344 modicam
581 3280 742 3361 praedam
759 3287 793 3346 et
809 3280 891 3362 Arpi
907 3280 1068 3362 principis
1084 3278 1284 3344 Chattorum
1294 3295 1380 3342 con—

228 3384 337 3465 iugem
353 3381 523 3466 filiamque
541 3391 685 3465 raperet,
711 3403 820 3467 neque
841 3383 981 3450 Caesari
1006 3385 1138 3465 copiam
1163 3401 1294 3466 pugnae
1318 3382 1383 3446 ob-

228 3504 380 3552 sessores
405 3485 526 3566 fecere,
557 3487 599 3551 ad
625 3485 750 3552 famam
770 3488 938 3552 adventus
955 3489 1027 3553 eius
1044 3487 1182 3569 dilapsi:
1212 3485 1383 3551 tumulum

228 3596 342 3656 tamen
367 3607 483 3670 nuper·
505 3590 663 3656 Varianis
688 3590 875 3674 legionibus
892 3596 1051 3657 structum
1069 3597 1103 3657 et
1117 3598 1266 3656 veterem
1282 3608 1383 3656 aram

227 3694 336 3760 Druso
366 3695 468 3758 sitam
501 3693 713 3759 disiecerant.
753 3694 911 3760 Restituit
937 3713 1032 3760 aram
1057 3695 1246 3778 honorique
1271 3696 1384 3776 patris

187 3801 387 3880 roprinceps
413 3798 485 3878 ipse
510 3817 586 3862 cum
611 3798 798 3880 legionibus
824 3797 1033 3878 decucurrit;
1065 3800 1229 3864 tumulum
1253 3801 1384 3865 iterare

228 3903 318 3966 haud
334 3903 451 3994 visum.
473 3901 513 3966 Et
529 3909 652 3968 cuncta
667 3903 755 3967 inter
772 3902 948 3968 castellum
964 3900 1137 3986 Alisonem
1158 3921 1198 3969 ac
1223 3901 1382 3967 Rhenum

228 4006 324 4069 noris
340 4005 502 4070 limitibus
518 4005 760 4089 aggeribusque
776 4006 975 4086 permunita.
