3010 4430
208 225 251 290 70
647 243 923 290 coaunnurscrrr

209 415 323 482 Cereri
339 417 434 480 iuxta
452 415 578 480 circum
594 416 787 494 maximum,
819 434 920 498 quam
945 413 982 478 A.
998 413 1189 478 Postumius
1214 411 1366 476 dictator

208 525 357 596 voverat,
383 519 568 601 eodemque
584 519 619 582 in
634 520 709 584 loco
727 520 847 585 aedem
872 519 992 582 Florae
1010 517 1053 582 ab
1069 517 1171 581 Lucio
1188 522 1222 581 et
1245 515 1365 580 Marco

182 621 369 692 5Publiciis
385 621 550 686 aedilibus
566 624 795 701 constitutam,
821 628 853 687 et
866 622 948 687 lano
965 621 1136 702 templum,
1156 621 1246 702 quod
1271 621 1364 702 apud

210 725 320 790 sorum
335 725 530 790 holitorium
548 724 581 791 C.
597 725 725 790 Duilius
742 730 923 804 struxerat,
940 725 997 808 qui
1012 725 1140 805 primns
1150 743 1223 790 rem
1238 723 1366 788 Roma-

210 849 289 896 nam
304 848 464 911 prospere
481 831 567 894 mari
583 831 684 911 gessit
700 831 973 914 triumphumque
989 829 1145 894 navalem
1170 829 1211 892 de
1238 827 1365 892 Poenis

210 935 340 999 meruit.
357 933 434 1014 Spei
450 934 551 998 aedes
568 953 588 999 a
606 935 807 999 Germanico
825 943 996 998 sacratur:
1013 934 1102 998 hanc
1119 933 1155 998 A.
1167 933 1288 997 Atilius
1304 951 1365 998 vo-

211 1045 309 1104 verat
325 1039 445 1104 eodem
461 1037 559 1103 bello.
1169 1107 1171 1112 ,

315 1143 365 1208 50.
389 1143 617 1209 Adolescebat
636 1146 768 1210 interea
795 1145 850 1209 lex
874 1145 1071 1209 maiestatis.
1104 1143 1142 1208 Et
1166 1141 1364 1224 Appuleiam

209 1248 525 1325 Varillam,sororis
540 1247 680 1328 Augusti
697 1255 840 1329 neptem,
866 1249 945 1332 quia
962 1247 1136 1329 probrosis
1151 1243 1367 1312 sermonibus

212 1352 324 1416 divum
340 1353 525 1433 Augustum
542 1371 582 1416 ac
599 1352 769 1418 Tiberium
786 1359 819 1419 et
833 1359 978 1418 matrem
995 1353 1067 1418 eius
1090 1351 1261 1416 inlusisset
1276 1347 1365 1414 Cae·

211 1457 347 1541 sarique
364 1473 495 1520 conexa
511 1454 678 1521 adulterio
695 1462 878 1535 teneretur,
897 1456 1085 1521 maiestatis
1102 1455 1232 1521 delator
1248 1473 1365 1520 arces·

185 1561 320 1630 5sebat.
351 1559 397 1624 De
414 1559 579 1624 adulterio
597 1561 679 1624 satis
695 1562 811 1625 caveri
827 1561 899 1643 lege
915 1560 1000 1626 lulia
1015 1561 1143 1625 visum:
1174 1559 1366 1625 maiestatis

214 1665 341 1728 crimen
358 1663 516 1744 distingui
535 1661 662 1728 Caesar
686 1665 870 1745 postulavit
901 1665 1132 1748 damnarique,
1164 1664 1192 1728 si
1222 1682 1290 1746 qua
1322 1663 1367 1729 de

214 1767 362 1848 Augusto
379 1766 570 1848 inreligiose
588 1768 743 1833 dixisset:
760 1769 795 1832 in
812 1787 848 1833 se
864 1769 957 1832 iacta
972 1769 1061 1833 nolle
1078 1769 1120 1833 ad
1137 1768 1365 1850 cognitionem

213 1873 337 1938 vocari.
361 1873 592 1954 Interrogatus
608 1892 629 1938 a
646 1874 792 1953 consule,
812 1874 891 1957 quid
909 1873 950 1938 de
965 1874 1006 1937 iis
1023 1879 1185 1950 censerat,
1210 1891 1298 1956 quae
1323 1873 1366 1937 de

214 1982 322 2042 matre
339 1979 410 2042 eius
433 1979 548 2044 locuta
568 1998 665 2044 secus
690 1983 896 2060 argueretur,
922 1979 1074 2057 reticuit,
1104 1978 1181 2043 dein
1210 1977 1367 2058 proximo

171 2099 206 2152 10
214 2088 354 2148 senatus
371 2084 425 2148 die
441 2083 529 2148 illius
547 2101 681 2169 quoque
698 2083 833 2148 nomine
848 2083 968 2158 oravit,
989 2101 1032 2146 ne
1049 2083 1102 2147 oui
1117 2081 1222 2147 verba
1238 2082 1273 2144 in
1290 2099 1367 2146 eam

216 2205 349 2270 quoquo
366 2188 466 2252 modo
482 2188 601 2252 habita
626 2189 759 2252 crimini
774 2185 892 2252 forent.
913 2186 1151 2270 Liberavitque
1166 2184 1370 2267 Appuleiam

136 2329 142 2338 ·
215 2290 286 2372 lege
302 2293 508 2356 maiestatis:
540 2291 695 2356 adulterii
726 2292 915 2372 graviorem
931 2311 1074 2372 poenam
1091 2291 1300 2371 deprecatus
1329 2296 1370 2354 ut

217 2393 369 2473 exemplo
387 2395 553 2458 maiorum
570 2395 767 2477 propinquis
792 2396 861 2458 suis
886 2395 974 2460 ultra
1000 2395 1266 2460 ducentesimum
1281 2393 1370 2474 lapi-

218 2497 294 2560 dem
310 2502 539 2562 removeretur
555 2499 661 2563 suasit
693 2496 855 2563 Adultero
880 2499 1005 2564 Manlio
1021 2499 1119 2563 ltalia
1134 2504 1235 2582 atque
1251 2497 1371 2562 Africa

173 2615 207 2669 15
217 2599 431 2664 interdictum
448 2607 506 2666 est.

320 2703 370 2768 bl.
395 2704 442 2769 De
459 2711 617 2786 praetore
633 2706 669 2770 in
689 2706 801 2771 locum
833 2707 988 2787 Vipstani
1019 2705 1115 2786 Galli,
1147 2725 1246 2789 quem
1276 2723 1373 2770 mors

218 2808 413 2889 abstulerat,
430 2809 644 2892 subrogando
661 2817 836 2876 certarnen
860 2812 1007 2875 incessit.
1031 2809 1251 2884 Germanicus
1267 2815 1374 2892 atque

217 2911 343 2976 Drusus
375 2912 468 2998 (nam
485 2914 587 2978 etiam
604 2919 674 2978 tum
700 2913 827 2980 Romae
844 2915 956 3000 erant)
987 2915 1162 2980 Haterium
1188 2915 1375 2996 Agrippam

218 3017 444 3101 propinquum
460 3015 653 3084 Germanici
670 3018 849 3084 fovebant:
868 3026 988 3085 contra
998 3020 1148 3103 plerique
1165 3018 1376 3100 nitebantur,

191 3129 255 3192 sut
270 3140 429 3186 numerus
445 3121 628 3186 liberorum
656 3124 690 3186 in
715 3123 906 3188 candidatis
931 3123 1165 3204 praepolleret,
1195 3122 1284 3206 quod
1314 3120 1374 3184 lex

219 3224 367 3290 iubebat.
393 3226 602 3291 Laetabatur
618 3226 782 3306 Tiberius,
808 3247 884 3292 cum
900 3229 988 3292 inter
1004 3227 1089 3291 lilios
1114 3228 1186 3291 eius
1217 3232 1249 3291 et
1279 3225 1375 3305 leges

219 3334 356 3393 senatus
373 3329 586 3410 disceptaret.
612 3330 711 3395 Victa
728 3332 866 3396 estsine
884 3331 985 3396 dubio
1001 3330 1065 3410 lex,
1081 3331 1140 3394 sed
1164 3349 1274 3414 neque
1298 3334 1375 3394 sta·

219 3433 278 3496 tim
296 3437 329 3496 et
345 3434 462 3512 paucis
477 3433 654 3515 suffragiis,
670 3453 737 3516 quo
755 3435 856 3500 modo
877 3436 988 3514 etiam,
1005 3453 1079 3499 cum
1095 3435 1257 3515 valerent,
1280 3434 1376 3515 leges

219 3535 450 3601 vincebantur.

322 3639 372 3704 52.
390 3641 514 3706 Eodem
532 3659 622 3705 anno
633 3646 789 3722 coeptum
801 3642 836 3704 in
852 3639 968 3706 Africa
977 3642 1111 3722 bellum,
1128 3643 1212 3709 duce
1222 3643 1375 3710 hostium

222 3743 449 3810 Tacfarinate.
465 3745 501 3837 ls⁴
513 3746 651 3810 natione
667 3744 820 3824 Numida,
836 3746 870 3808 in
887 3748 1007 3812 castris
1021 3747 1182 3812 Romanis
1192 3748 1376 3812 auxiliaria

221 3849 390 3928 stipendia
404 3850 555 3926 meritus,
581 3868 659 3914 mox
676 3850 839 3930 desertor,
854 3868 959 3931 vagos
974 3853 1117 3932 primum
1136 3858 1168 3916 et
1184 3853 1376 3918 latrociniis

224 3957 338 4016 suetos
354 3951 396 4016 ad
413 3953 575 4031 praedam
593 3959 626 4017 et
643 3958 761 4033 raptus
779 3972 993 4036 congregare,
1021 3955 1100 4020 dein
1123 3974 1216 4020 more
1231 3954 1377 4021 militiae

195 4071 282 4136 oper
297 4055 422 4118 vexilla
439 4061 472 4119 et
489 4063 617 4120 turmas
643 4075 854 4138 componere,
885 4064 1054 4138 postremo
1080 4077 1148 4124 non
1179 4057 1377 4126 inconditae
