3010 4430
85 257 94 286 b

222 279 262 344 18
658 291 810 340 CORNELII
826 291 935 337 rucrrr

220 468 325 534 ceteri
341 465 490 532 tribunal
506 465 632 545 ingenti
658 462 789 544 agmine
809 460 1084 544 circumveniunt.
1106 461 1229 528 Stabat
1244 463 1385 527 Drusus·

221 571 390 636 silentium
406 587 508 634 manu
525 586 677 649 poscens.
696 563 746 630 llli
761 566 917 648 quotiens
933 566 1049 630 oculos
1066 567 1108 630 ad
1125 565 1372 632 multitudinem

193 675 430 754 arettulerant,
455 672 596 738 vocibus
620 670 819 736 truculentis
843 675 1001 750 strepere,
1032 689 1165 735 rursum
1190 671 1262 735 viso
1287 668 1373 735 Cae·

221 797 299 846 sare
314 779 502 859 trepidare;
526 794 677 840 murmur
696 775 871 852 incertum,
897 780 995 838 atrox
1020 773 1148 838 clamor
1175 781 1208 840 et
1233 780 1372 855 repente

222 885 334 968 quies;
366 883 508 948 diversis
535 881 725 945 animorum
747 877 894 942 motibus
924 876 1093 959 pavebant
1124 878 1374 960 terrebantque.
1463 955 1468 964 ,

223 987 373 1053 Tandem
389 988 578 1067 interrupto
590 981 735 1047 tumultu
745 981 875 1046 litteras
885 981 991 1062 patris
1007 982 1138 1061 recitat,
1154 982 1188 1045 in
1204 983 1278 1064 quis
1295 1000 1372 1062 per-

222 1093 385 1174 scriptum
401 1094 484 1168 erat,
508 1087 725 1169 praecipuam
745 1086 809 1164 ipsi
835 1083 1096 1149 fortissimarum
1121 1085 1288 1166 legionum
1313 1103 1373 1150 cu-

179 1213 213 1267 10
223 1214 305 1273 ram,
329 1193 529 1276 quibuscum
553 1191 698 1272 plurima
724 1189 811 1253 bella
835 1188 1064 1267 toleravisset3
1103 1189 1160 1253 ubi
1183 1190 1327 1269 primum
1353 1207 1375 1254 a

222 1303 314 1367 luctu
330 1301 517 1382 requiesset
532 1297 673 1375 animus,
698 1301 852 1359 acturum
878 1295 967 1377 apud
992 1302 1104 1376 patres
1130 1295 1171 1360 de
1196 1295 1374 1376 postulatis

223 1425 357 1484 corum;
382 1404 515 1467 misisse
540 1400 675 1466 iuterim
691 1398 802 1477 filium,
827 1404 865 1462 ut
880 1399 953 1463 sine
969 1399 1185 1464 cunctatione
1211 1399 1375 1464 concede-

223 1513 276 1574 ret
291 1526 378 1590 quae
394 1507 508 1571 statim
524 1504 626 1569 tribui
642 1508 797 1584 possent;
815 1507 928 1567 cetera
944 1503 1076 1568 senatui
1087 1503 1264 1581 servanda,
1275 1521 1374 1586 quern

224 1631 332 1694 neque
349 1611 477 1692 gratiae
493 1627 602 1692 neque
617 1608 808 1672 severitatis
825 1613 997 1689 expertem
1012 1607 1131 1673 haberi
1146 1627 1207 1690 par
1220 1613 1316 1674 esset.
1365 1625 1368 1628 “

328 1718 378 1782 26.
403 1717 613 1797 Responsum
629 1720 680 1780 est
696 1732 717 1779 a
733 1715 899 1794 contione,
924 1715 1085 1779 mandata
1108 1714 1272 1781 Clementi
1296 1734 1375 1780 cen-

223 1823 349 1886 turioni
374 1839 460 1904 quae
484 1818 655 1900 perferret.
683 1818 714 1883 ls
731 1819 860 1883 orditur
876 1819 917 1884 de
936 1819 1096 1884 missione
1111 1839 1133 1884 a
1148 1821 1295 1886 sedecim
1312 1837 1375 1884 an-

225 1926 286 2007 nia,
310 1926 351 1990 de
367 1925 524 2006 praemiis
539 1923 655 1988 finitae
671 1922 817 2004 militiae,
841 1929 879 1986 ut
895 1923 1053 1986 denarius
1070 1923 1225 1988 diurnum
1249 1924 1376 2004 stipen-

226 2031 317 2095 dium
333 2028 484 2108 foretne
500 2028 653 2094 veterani
669 2027 731 2092 sub
746 2019 870 2092 vexillo
886 2025 1101 2093 haberentur.
1127 2027 1177 2091 Ad
1190 2046 1231 2092 ea
1246 2027 1373 2093 Drusus

198 2151 302 2204 tcum
319 2133 495 2198 arbitrium
511 2138 650 2198 senatus
666 2136 699 2195 et
709 2131 815 2212 patris
826 2130 1033 2211 obtenderet,
1050 2131 1199 2196 clamore
1209 2131 1375 2196 turbatur.

228 2236 295 2301 Cur
311 2237 467 2312 venisset,
485 2254 593 2318 neque
608 2235 768 2316 augendis
784 2233 926 2298 militum
952 2235 1125 2315 stipendiis
1149 2254 1258 2318 neque
1283 2236 1376 2301 adle-

227 2339 348 2404 vandis
379 2337 560 2419 laboribus,
586 2337 729 2420 denique
754 2337 847 2401 nulla
870 2337 956 2402 bene
975 2336 1119 2402 faciendi
1135 2339 1299 2406 licentia?
1332 2340 1377 2404 At

226 2442 363 2508 hercule
379 2440 522 2507 verbera
546 2446 580 2506 et
604 2460 722 2507 necem
748 2441 877 2506 cunctis
903 2441 1059 2522 permitti.
1093 2441 1265 2507 Tiberium
1297 2442 1377 2508 olim

227 2547 363 2612 nominc
379 2545 519 2626 Augusti
535 2545 701 2610 desideria
716 2545 883 2626 legionum
900 2544 1056 2610 frustrari
1071 2544 1223 2610 solitum:
1240 2546 1376 2612 easdem

185 2669 219 2725 10
229 2657 320 2718 artes
344 2649 488 2715 Drusum
503 2649 681 2715 rettulisse.
710 2649 944 2733 Numquamne
968 2650 1012 2714 ad
1036 2668 1072 2715 se
1097 2650 1161 2715 nisi
1176 2650 1262 2716 filios
1278 2650 1376 2716 lami—

227 2756 348 2822 liarum
364 2755 551 2821 venturos?
567 2773 692 2820 novum
708 2754 742 2819 id
758 2755 858 2836 plane
875 2754 963 2838 quod
978 2756 1163 2836 imperator
1173 2755 1246 2822 sola
1260 2757 1377 2822 militis

227 2860 406 2926 commoda
421 2858 465 2924 ad
479 2865 635 2923 senatum
651 2859 779 2923 reiciat.
804 2858 953 2923 Eundem
969 2876 1047 2939 ergo
1072 2865 1228 2924 senatum
1253 2879 1377 2926 consu-

226 2963 372 3041 lendum,
386 2963 541 3045 quotiens
557 2961 721 3042 supplicia
737 2968 796 3027 aut
805 2961 935 3043 proelia
944 2961 1154 3028 indicantur:
1170 2981 1215 3028 an
1223 2966 1376 3045 praemia

227 3067 289 3134 sub
306 3068 459 3147 dominia,
475 3085 603 3148 poenas
619 3067 692 3132 sine
708 3065 837 3130 arbitro
855 3067 955 3147 esse?

330 3170 380 3236 27.
404 3171 579 3236 Postremo
596 3170 756 3235 deserunt
770 3168 926 3248 tribunal,
942 3171 979 3233 ut
993 3170 1068 3252 quis
1084 3172 1376 3251 praetorianorum

227 3273 368 3338 militum
385 3274 614 3339 amicorumve
629 3271 786 3339 Caesaris
802 3277 1005 3350 occurreret,
1023 3290 1145 3338 manus
1160 3274 1379 3354 intentantes,

228 3395 367 3442 causam
384 3376 572 3442 discordiae
598 3383 631 3442 et
647 3377 777 3442 initium
794 3395 974 3456 armorum,
1004 3376 1151 3442 maxime
1174 3377 1296 3444 infensi
1320 3378 1378 3445 Cn.

227 3481 379 3558 Lentule,
397 3483 486 3565 quod
502 3483 531 3547 is
547 3487 626 3547 ante
643 3481 727 3547 alios
743 3488 855 3547 aetate
872 3487 905 3546 et
919 3481 1027 3562 gloria
1042 3479 1122 3546 belli
1138 3482 1271 3548 firmare
1290 3481 1378 3550 Dru-

200 3603 303 3657 5sum
319 3586 521 3652 credebatur
538 3592 571 3652 et
586 3585 644 3652 illa
659 3586 799 3652 militiae
815 3585 941 3668 flagitia
957 3587 1282 3669 primus'aspernari.
1307 3588 1377 3657 Nec

227 3690 333 3756 multo
358 3693 434 3771 post
458 3689 698 3772 digredientem
723 3708 799 3754 cum
823 3687 969 3755 Caesare
999 3708 1040 3754 ac
1071 3691 1208 3771 provisu
1238 3693 1380 3772 periculi

229 3794 373 3859 hiberna
388 3798 503 3859 castra
518 3798 726 3874 repetentem
743 3793 1005 3873 circumsistunt,
1020 3795 1286 3878 rogitantesque
1302 3814 1381 3878 per-

229 3903 330 3978 geret,
349 3898 392 3962 ad
408 3898 646 3978 imperatorem
664 3916 709 3963 an
725 3897 767 3962 ad
784 3903 907 3979 patres,
931 3904 969 3962 ut
984 3897 1051 3962 illic
1068 3917 1201 3980 quoque
1226 3918 1379 3968 commo-

229 4000 281 4064 dis
297 3998 465 4081 legicnum
481 4001 734 4081 adversaretur,
755 4001 853 4066 simul
869 4002 1012 4083 igruunt,
1036 4019 1120 4066 saxa
1136 4000 1271 4068 iaciunt.
1294 4003 1381 4070 lam·

567 4107 584 4140 :t
854 4113 856 4118 ’
867 4119 880 4130 ν
