3010 4430
410 253 970 320 usuxoussuuuousrrll.77-82.
1216 255 1260 322 83

211 441 263 514 80.
286 443 355 510 Nec
371 443 459 524 Piso,
474 462 680 528 quamquam
696 450 818 526 coepta
830 463 930 510 secus
946 444 1124 524 cadebant,
1148 447 1261 512 omisit

118 550 278 615 tutissima
293 568 312 616 e
327 549 574 632 praesentibus,
589 549 648 614 sed
665 549 840 615 castellum
856 549 1003 630 Ciliciae,
1019 553 1185 618 munitum
1201 552 1260 618 ad-

118 653 254 732 modum,
270 653 325 718 oni
340 671 465 749 nomen
480 651 683 734 Celenderis,
699 659 861 734 occupat;
877 673 957 719 narn
973 655 1133 720 admixtis
1147 656 1260 722 deser-

118 756 240 822 toribus
256 762 290 822 et
305 756 416 822 tirone
432 756 540 838 nuper
555 757 743 838 intercepto
760 758 896 841 suisque
922 764 955 823 ct
979 758 1164 824 Plancinae
1188 779 1260 826 ser·

118 862 199 928 vitiis
215 859 341 928 auxilia
356 859 507 943 Cilicum,
531 880 618 946 quae
633 862 739 945 reguli
754 863 926 943 miserant,
950 863 986 927 in
1010 882 1188 929 numerum
1210 865 1259 930 le-
1286 883 1305 936 5

119 967 216 1048 gionis
232 971 478 1048 composuerat.
501 964 725 1049 Caesarisque
749 984 785 1032 se
801 966 948 1049 legatum
971 966 1161 1032 testabatur
1184 985 1260 1048 pro-

118 1071 229 1148 vincia,
258 1069 415 1153 quomis
440 1069 598 1148 dedisset,
629 1071 748 1149 arceri,
778 1089 848 1136 non
873 1070 1099 1153 alegionibus
1129 1068 1260 1156 (earum

117 1173 233 1259 quippe
258 1174 368 1239 accitu
391 1173 532 1258 venire),
566 1173 625 1238 sed
649 1193 670 1238 a
695 1173 810 1239 Sentio
835 1175 1005 1256 privatum
1029 1175 1143 1241 odium
1168 1173 1263 1240 falsis

118 1277 308 1346 criminibus
324 1283 465 1359 tegente.
490 1275 723 1343 Consisterent
748 1279 783 1343 in
800 1280 882 1357 acie,
897 1298 968 1344 non
983 1279 1181 1362 pugnaturis
1196 1281 1260 1346 mi·
1295 1327 1297 1330 -

117 1383 234 1460 litibus,
256 1381 314 1446 ubi
329 1381 486 1447 Pisonem
503 1380 547 1446 ab
562 1381 644 1463 ipsis
658 1387 834 1464 parentem
859 1384 1028 1466 quondam
1047 1383 1261 1466 appellatum,
1273 1401 1309 1454 ιο

116 1488 146 1552 si
161 1488 228 1552 iure
243 1491 406 1569 ageretur,
431 1485 607 1568 potiorem,
633 1487 661 1550 si
678 1486 791 1566 armis,
805 1505 874 1552 non
890 1487 1075 1553 invalidum
1089 1489 1261 1554 vidissent.

117 1590 197 1655 Tum
212 1608 272 1671 pro
288 1590 506 1654 munimentis
522 1589 652 1656 castelli
668 1590 860 1671 manipulos
876 1591 1032 1678 explicat,
1052 1591 1139 1658 colle
1154 1592 1261 1657 arduo

115 1697 149 1760 et
163 1695 322 1776 derupt05
352 1712 432 1759 nam
447 1699 562 1759 cetera
577 1694 663 1760 mari
678 1695 864 1776 cinguntur.
893 1694 1020 1762 Contra
1035 1697 1190 1761 veterani
1206 1715 1262 1761 or-

111 1798 247 1864 dinibus
271 1817 312 1863 ae
336 1797 495 1862 subsidiis
520 1799 691 1862 instructi:
722 1799 801 1863 hinc
825 1798 977 1878 militum,
1008 1799 1086 1863 inde
1111 1799 1261 1863 locorum

113 1902 288 1984 asperitas,
318 1900 470 1966 sednon
495 1905 637 1982 animus,
667 1919 736 1966 nou
761 1919 847 1982 speS,
877 1920 920 1967 ue
951 1901 1019 1967 tela
1034 1903 1169 1984 quidem
1197 1903 1307 1972 nisirs

102 2006 258 2089 agrestia
274 2011 335 2070 aut
349 2004 496 2070 subitum
514 2006 557 2070 iro
579 2024 678 2070 usum
693 2011 885 2086 properata.
918 2005 961 2072 Ut
978 2023 1105 2070 venere
1126 2005 1161 2070 in
1187 2024 1261 2071 rna·

110 2129 184 2188 nuS,
199 2128 269 2175 non
284 2110 374 2174 ultra
390 2108 589 2189 dubitatum,
615 2114 717 2192 quam
741 2109 820 2174 dum
845 2109 1020 2174 Romanae
1045 2110 1206 2175 cohortes
1228 2111 1263 2174 in

110 2233 257 2298 aequum
287 2212 513 2278 eniterentur:
544 2218 682 2277 vertunt
715 2218 809 2294 terga
840 2210 960 2278 Cilices
991 2230 1094 2295 seque
1123 2212 1264 2278 castello

107 2319 280 2386 claudunt.
1028 2381 1031 2388 l
1184 2383 1186 2386 .

216 2422 267 2487 81.
293 2421 429 2486 Interim
443 2421 520 2486 Piso
538 2420 683 2486 classem
698 2421 790 2486 haud
806 2421 925 2502 procul
943 2421 1176 2502 opperientem
1200 2421 1262 2486 ad-

104 2545 262 2608 pugnare
278 2524 404 2591 frustra
420 2525 614 2606 temptavit;
644 2542 882 2608 regressusque
899 2530 932 2589 et
947 2544 1008 2605 pro
1024 2527 1141 2606 muris,
1162 2525 1265 2591 modo

103 2636 218 2696 semet
234 2629 449 2710 adflictando,
472 2629 572 2694 modo
589 2629 737 2711 singulos
752 2630 889 2695 nomine
906 2629 1007 2708 ciens,
1022 2631 1181 2710 praemiis
1205 2649 1264 2694 vo-

101 2755 203 2812 cans,
219 2735 421 2800 seditionem
437 2733 627 2815 coeptabat,
641 2734 793 2816 adeoque
809 2738 1050 2811 commoverat,
1075 2738 1112 2797 ut
1127 2731 1264 2813 signifer

102 2839 253 2921 regionis
283 2843 399 2903 sextae
429 2839 560 2919 signum
591 2837 634 2902 ad
666 2855 742 2902 eum
766 2837 985 2902 transtulerit.
1019 2837 1104 2901 Turn
1129 2835 1264 2902 Sentius
1290 2855 1308 2908 5

101 2960 280 3008 occanere
296 2960 424 3007 cornua
439 2941 605 3023 tubasque
621 2946 656 3005 et
670 2940 740 3022 peti
756 2958 918 3022 aggerem,
935 2939 1016 3021 erigi
1032 2940 1143 3004 scalas
1159 2939 1264 3020 iussit,

100 3064 145 3112 ac
162 3047 456 3130 promptissimum
470 3065 636 3130 quemque
653 3045 845 3127 succedere,
860 3043 945 3109 alios
960 3045 1136 3109 tormentis
1145 3046 1264 3110 hastas

99 3169 194 3216 saxa
212 3159 246 3216 et
262 3149 355 3216 faces
371 3151 531 3232 ingerere.
555 3149 706 3214 Tandem
722 3148 813 3213 vieta
839 3149 1028 3230 pertinacia
1051 3147 1129 3212 Piso
1146 3150 1265 3228 oravit,

100 3255 155 3319 uti
170 3255 311 3320 traditis
326 3255 430 3320 armis
440 3260 594 3319 maneret
609 3255 644 3317 in
654 3252 804 3332 castello,
819 3251 898 3315 dum
908 3248 1045 3329 Caesar,
1061 3251 1116 3316 oui
1132 3250 1265 3318 Suriam

103 3361 330 3441 permitteret,
343 3359 537 3426 consulitur.
561 3358 637 3424 Non
661 3363 819 3438 receptae
836 3357 1061 3436 condiciones,
1086 3375 1148 3422 nec
1173 3357 1264 3423 aliud
1275 3374 1310 3428 10

106 3481 214 3544 quam
229 3483 333 3530 naves
350 3470 383 3529 et
398 3470 507 3529 tutum
522 3465 557 3528 in
573 3463 691 3528 urbem
707 3464 771 3528 iter
787 3479 986 3526 concessum
1001 3467 1061 3526 est.

216 3567 268 3634 82.
285 3568 329 3632 At
339 3569 475 3648 Rornae,
490 3562 669 3650 postquam
679 3563 872 3631 Germanici
881 3565 1039 3631 valetudo
1057 3563 1266 3646 percrebruit

110 3678 302 3757 cunctaque
317 3679 355 3737 ut
373 3690 416 3737 ex
440 3672 620 3754 longinquo
647 3675 748 3736 aucta
773 3670 808 3734 in
838 3669 986 3734 deterius
1015 3661 1264 3742 adferebantur,

111 3771 211 3841 dolor
224 3778 285 3857 ira,
301 3782 333 3843 et
351 3776 574 3858 erumpebant
590 3779 737 3857 questus.
761 3773 839 3838 ideo
855 3773 1014 3837 nimirum
1037 3773 1072 3850 in
1096 3775 1265 3835 extremas

109 3879 224 3946 terras
246 3882 440 3963 relegatum,
471 3880 546 3945 ideo
571 3879 687 3944 Pisoni
710 3877 907 3958 permissam
933 3874 1160 3956 provinciam3
1200 3874 1265 3939 hoc

108 3982 224 4060 egisse
238 3992 388 4052 secretos
402 3982 573 4064 Augustae
589 4001 666 4047 cum
681 3980 844 4045 Plancina
859 3995 1042 4043 sermones.
1065 3975 1154 4041 Vera
1170 3995 1264 4056 pror·
1290 3993 1308 4044 5

107 4099 171 4148 sus
191 4087 233 4152 de
247 4088 354 4152 Druso
371 4087 523 4152 seniores
538 4087 687 4151 locutos:
712 4082 890 4163 displicere
905 4076 1124 4159 regnantibus
1150 4078 1263 4142 civilia

1151 4197 1183 4249 fl*
