3010 4430
357 1060 735 1160 oonnnnn
780 1056 1084 1159 rnorni

475 1255 517 1318 AB
532 1253 671 1320 nlenten
687 1253 755 1318 Dllll
771 1253 912 1320 AUGUSTI

616 1422 719 1475 LIBER
738 1423 769 1475 ll.

529 1749 854 1827 BREVIARIUlll.

199 1934 272 2014 Cap.
291 1938 319 2000 1.
337 1933 426 1997 Initia
442 1937 514 1996 belli
529 1937 681 1998 Parthici:
712 1938 855 1997 Vonones
880 1937 969 1996 obses
993 1933 1134 2014 Augusto
1158 1937 1248 1996 datus
1273 1956 1291 1996 a

95 2041 227 2100 Phraate
252 2045 347 2118 patre.
408 2042 435 2100 2.
458 2047 529 2120 post
554 2042 644 2102 finem
669 2043 764 2121 patris
789 2041 886 2100 Roma
910 2059 964 2100 rex
988 2041 1111 2118 petitus
1136 2040 1292 2118 populari-

95 2145 155 2204 bus
171 2143 298 2204 invisus
344 2145 371 2205 3.
395 2144 432 2204 ab
448 2142 603 2205 Artabano
624 2147 743 2224 pulsuS,
768 2145 806 2204 ad
821 2135 981 2204 Armenios
997 2144 1155 2222 profugus.
1207 2143 1237 2203 4.
1261 2144 1292 2202 in

95 2246 239 2308 Armenia
253 2247 384 2308 mutatio
410 2268 527 2327 regum.
589 2250 616 2310 5.
640 2248 838 2310 Germanicus
858 2249 971 2308 invidia
995 2247 1105 2308 Tiberii
1129 2255 1291 2308 revocatus

96 2353 132 2409 ad
166 2351 392 2431 componendas
417 2371 467 2412 res
501 2355 636 2413 orientis
668 2353 735 2413 ideo
767 2353 945 2414 celerandae
976 2352 1121 2412 victoriae
1149 2353 1293 2412 intentior

96 2455 265 2517 Germanos
280 2458 440 2517 confestim
457 2459 580 2536 aggredi
599 2465 696 2536 parat.
770 2459 798 2520 6.
821 2457 929 2517 elassis
953 2458 1028 2518 eius.
1050 2456 1148 2516 Rheni
1173 2476 1294 2519 cursus

99 2561 126 2621 7.
150 2562 283 2640 inruptio
300 2562 331 2620 in
348 2559 484 2621 Chattos,
508 2580 562 2622 ara
578 2561 670 2621 Drusi
686 2563 836 2622 restituta.
890 2563 918 2620 8.
951 2559 1148 2620 Germanicus
1178 2561 1293 2620 fossam

99 2658 282 2726 Drusiauam
306 2665 485 2744 ingreditur,
515 2666 585 2726 inde
611 2667 697 2726 laeus
725 2673 755 2726 et
779 2665 935 2726 Oceanum
959 2684 1059 2743 usque
1084 2665 1122 2722 ad
1146 2661 1292 2722 Amisiam

101 2769 282 2845 pervehitur.
305 2769 339 2829 In
363 2769 490 2830 rebelles
507 2767 703 2848 Angrivarios
718 2770 972 2830 animadversum.
1026 2769 1053 2828 9.
1075 2763 1203 2825 Arminii
1219 2785 1292 2824 eum

101 2876 192 2933 tratre
216 2875 413 2953 colloquium.
479 2877 527 2935 10.
551 2876 621 2935 inde
645 2877 690 2935 ira
706 2883 736 2936 et
751 2876 892 2952 iurgium.
954 2875 1001 2934 11.
1016 2861 1179 2949 'Visurgim
1194 2876 1295 2930 trans·

101 2985 176 3038 eunt
204 2979 340 3039 Romani.
378 2977 566 3040 Batavorum
596 2980 768 3040 discrimen.
806 2961 1007 3038 Chariovalda
1037 2995 1154 3036 caesus.
1245 2976 1295 3034 12.

101 3081 296 3144 Germanicus
336 3084 372 3143 de
414 3080 540 3143 Arminii
581 3084 708 3144 oonsilio
749 3085 860 3143 eertior
891 3083 1000 3141 taetus.
1078 3079 1125 3140 13.
1164 3079 1295 3138 militum

102 3187 217 3246 animos
246 3187 392 3266 explorat.
424 3185 589 3265 transfugis
615 3187 785 3265 praemium
814 3185 1048 3266 pronuntiatum
1078 3202 1096 3242 a
1128 3181 1295 3256 Germanis

102 3309 174 3348 mox
189 3293 293 3351 eastris
308 3291 454 3352 Romanis
473 3291 671 3352 adsultatum.
741 3290 788 3350 14.
813 3288 983 3350 Germanioi
1008 3289 1170 3348 somnium.
1194 3275 1293 3346 oratio

103 3395 141 3452 ad
158 3396 272 3458 milites.
319 3396 367 3456 15.
390 3393 518 3455 Arminii
535 3398 632 3455 oratio
648 3396 685 3454 ad
702 3414 786 3454 suos.
843 3395 892 3453 16.
917 3383 1006 3454 loeus
1022 3411 1151 3473 pugnae,
1167 3411 1294 3471 campus

104 3499 266 3562 ldisiaviso.
289 3501 446 3579 utrimque
471 3501 550 3560 aeies
575 3483 736 3560 instrueta.
794 3501 842 3558 17.
866 3499 1004 3559 faustum
1027 3481 1173 3556 Romanis
1198 3513 1295 3572 augu-

104 3603 193 3662 rlum.
213 3605 284 3682 tuga
299 3603 521 3664 Germanorum
542 3611 571 3663 et
588 3604 698 3664 clades,
768 3605 816 3664 18.
846 3608 1009 3681 tropaeum
1033 3600 1177 3679 positum.
1246 3589 1296 3667 19}
1348 3595 1352 3602 ’

105 3723 172 3783 quo
193 3695 335 3768 dedecore
351 3709 472 3768 aucensi
488 3706 630 3767 Germani
646 3707 761 3767 bellum
785 3711 954 3766 resumunt.
1011 3703 1060 3764 20.
1084 3702 1192 3762 acriter
1218 3717 1297 3778 pug-

104 3816 226 3871 natum.¹
272 3813 322 3872 21.
346 3815 474 3872 vineunt
491 3812 614 3871 tandem
630 3811 768 3885 Romani,
797 3807 1141 3888 quamquamambiguo
1157 3793 1297 3882 equitum

105 3899 228 3992 proelio.
274 3907 336 3976 22.
357 3903 593 3978 monumentum
610 3922 763 3976 structum
780 3899 913 3992 superbo
929 3931 1000 3972 eum
1015 3909 1114 3969 titulo.
1169 3907 1219 3968 23.
1241 3907 1298 3966 mi·

105 4017 180 4076 lites
194 4006 421 4082 elassereveeti.
458 4003 516 4080 'Ale
540 4039 577 4080 ex
599 4024 782 4098 tempestate
808 4017 963 4077 calamitas
988 4019 1017 4073 et
1041 3999 1297 4092 paene'exitium.
