3010 4430
470 192 512 238 ns
529 193 669 241 sxcassu
684 191 822 241 ruousrr
838 174 859 238 l.
875 173 1013 241 29m33.
1254 174 1294 239 21

143 359 331 441 multitudo,
349 381 456 444 nuper
472 370 548 427 acto
565 364 600 427 in
616 363 698 428 urbe
716 363 849 444 dilectu,
876 364 1037 430 lasciviae
1063 373 1168 445 sueta,
1200 365 1296 430 labo-

141 483 219 529 rum
243 466 437 546 intolerans,
468 467 607 550 implere
632 473 822 533 ceterorum
852 469 953 534 rudes
984 470 1133 536 animos:
1162 471 1296 536 venisse
1306 486 1341 540 15

141 574 276 650 tempus
301 589 367 653 quo
393 573 544 637 veterani
569 578 736 637 maturam
756 573 959 650 missionem,
993 575 1133 640 iuvenes
1149 573 1296 656 largiora

142 673 320 756 stipendia,
331 675 443 740 cuncti
453 677 590 741 modum
599 679 810 743 miseriarum
822 683 1044 758 exposcerent
1054 678 1296 760 saevitiamque

144 779 380 842 centurionum
409 779 661 845 ulciscerentur.
686 780 761 846 Non
794 800 881 845 unus
903 781 997 859 haec,
1018 788 1054 845 ut
1076 781 1293 846 Pannonicas

145 882 234 948 inter
260 882 408 964 legiones
434 883 648 964 Percennius,
673 902 736 949 nec
761 885 849 967 apud
865 885 1014 967 trepidas
1030 885 1171 948 militum
1187 903 1297 961 aures,

145 986 232 1052 alios
246 987 429 1054 validiores
444 988 611 1053 exercitus
625 989 886 1070 respicientium,
911 990 970 1053 sed
995 988 1101 1054 multa
1119 989 1294 1054 seditionis
1305 1003 1340 1056 au

143 1107 208 1155 ora
222 1109 407 1173 vocesque:
435 1093 548 1156 suain
563 1109 667 1157 manu
683 1093 782 1157 sitam
800 1112 872 1159 rem
887 1093 1086 1172 Romanam,
1102 1093 1171 1158 suis
1187 1092 1295 1156 victo-

143 1194 205 1258 riis
222 1196 335 1276 augeri
351 1214 422 1260 rem
439 1195 615 1276 publicam,
635 1197 783 1261 insnum
800 1204 1057 1278 cognomentum
1074 1197 1218 1262 adscisci
1234 1198 1296 1259 im·

144 1305 328 1378 peratores.

251 1403 299 1468 32.
316 1403 385 1470 Nec
401 1404 529 1486 legatus
546 1405 681 1471 obviam
696 1406 785 1470 ibat:
810 1407 933 1488 quippe
956 1407 1099 1487 plurium
1115 1405 1297 1469 vaecordia

145 1507 373 1573 constantiam
390 1515 570 1574 exemerat.
595 1509 745 1590 Repente
767 1510 932 1593 lymphati
948 1509 1117 1574 destrictis
1134 1507 1252 1589 gladiis
1263 1507 1298 1570 in

142 1613 361 1678 centuriones
376 1613 557 1677 invadunt:
574 1632 615 1678 ea
630 1614 859 1678 vetustissima
874 1613 1076 1678 militaribus
1087 1611 1172 1676 odiis
1188 1617 1296 1674 mats-

142 1717 215 1782 ries
238 1721 272 1782 et
292 1717 465 1782 saeviendi
490 1718 700 1799 principium.
718 1717 912 1784 Prostratos
923 1717 1122 1782 verberibus
1138 1715 1297 1792 mulcant

143 1822 305 1902 sexageni
315 1820 471 1902 singulos,
487 1827 525 1885 ut
535 1839 710 1886 numerum
721 1822 954 1887 centurionum
966 1821 1295 1902 adaequarentttum
1324 1834 1342 1885 5

143 1925 328 1990 convulsos
343 1924 555 2008 laniatosque
573 1931 605 1991 et
621 1927 744 2006 partim
761 1925 935 1990 exanimos
951 1931 1030 1989 aute
1046 1923 1172 1987 vallum
1188 1930 1246 1987 aut
1263 1923 1298 1986 in

145 2045 280 2094 amnem
296 2029 449 2095 Rhenum
465 2031 641 2111 proiciunt.
664 2028 845 2109 Septimius
868 2047 945 2093 cum
960 2026 1160 2109 perfugisset
1175 2028 1218 2090 ad
1235 2027 1296 2089 tri-

144 2132 250 2198 bunal
266 2132 472 2216 pedibusque
488 2133 655 2200 Caecinae
672 2131 919 2211 advolveretur,
944 2149 984 2196 co
1006 2149 1111 2213 usque
1128 2129 1297 2212 flagitatus

142 2243 207 2316 est,
222 2237 331 2302 donec
347 2239 390 2301 ad
407 2227 545 2302 exitium
562 2237 749 2303 dederetur.
766 2233 902 2300 Cassius
918 2233 1080 2312 Chaerea,
1098 2253 1175 2298 mox
1192 2233 1296 2297 caede

142 2341 210 2407 Gai
225 2339 382 2406 Caesaris
397 2345 595 2408 memoriam
611 2343 698 2423 apud
716 2347 871 2422 posteros
891 2341 1041 2421 adeptus,
1065 2348 1136 2406 tum
1161 2338 1341 2408 adoles-10

141 2465 228 2512 cens
244 2454 278 2511 et
293 2447 398 2511 animi
413 2447 517 2524 ferox,
542 2449 630 2512 inter
655 2446 831 2512 obstantes
857 2453 890 2510 et
915 2453 1066 2510 armatos
1090 2444 1181 2510 ferro
1205 2445 1295 2506 viam

143 2549 314 2632 patefecit.
338 2549 413 2615 Non
429 2551 584 2616 tribunus
598 2551 697 2631 ultra,
723 2571 792 2616 non
817 2556 1006 2616 castrorum
1031 2547 1221 2631 praefectus
1246 2549 1298 2610 ius

142 2653 308 2720 obtinuit:
332 2655 471 2736 vigilias,
494 2656 670 2736 stationes,
695 2662 728 2721 et
752 2659 780 2720 si
795 2655 873 2739 'qua
889 2654 956 2719 alia
972 2669 1132 2733 praesens
1148 2669 1228 2716 usus
1244 2652 1296 2713 in-

141 2759 287 2840 dixerat,
312 2760 376 2840 ipsi
392 2760 635 2841 partiebantur.
666 2759 700 2825 ld
716 2760 880 2825 militares
896 2758 1027 2823 animos
1043 2756 1145 2821 altius
1160 2754 1295 2819 coniec-

141 2863 298 2928 tantibus
314 2864 532 2945 praecipuum
548 2864 709 2929 indicium
724 2865 836 2944 magni
861 2869 963 2946 atque
987 2858 1201 2941 inplacabilis
1225 2877 1297 2922 mo·
1308 2876 1340 2928 15

141 2975 210 3046 tus,
226 2968 314 3050 quod
330 2985 439 3050 neque
455 2966 585 3032 disiecti
610 2968 663 3033 vel
687 2985 873 3048 paucorum
889 2965 1059 3043 instinctu,
1086 2963 1145 3028 sed
1170 2964 1297 3042 pariter

142 3071 375 3152 ardescerent,
390 3074 518 3154 pariter
533 3073 680 3152 silerent,
703 3078 800 3137 tanta
817 3071 1022 3154 aequalitate
1038 3074 1071 3132 et
1095 3067 1298 3146 constantia,

142 3183 183 3240 nt
199 3177 270 3258 regi
285 3177 450 3244 crederes.

251 3279 301 3344 33.
325 3279 458 3346 Interea
474 3279 675 3346 Germanico
700 3299 759 3360 per
775 3277 909 3356 Gallias,
934 3282 970 3340 ut
994 3275 1148 3352 diximus,
1175 3291 1297 3337 census

143 3384 327 3468 accipienti
345 3387 529 3451 excessisse
543 3385 727 3468 Augustum
744 3381 903 3448 adfertur.
927 3380 1067 3461 Neptem
1084 3380 1155 3443 eius
1180 3376 1297 3458 Agrip·

144 3490 261 3570 pinam
278 3490 312 3552 in
328 3491 544 3556 matrimonio
561 3491 740 3571 pluresque
756 3507 797 3553 ex
823 3506 865 3551 ea
888 3486 1013 3552 liberos
1037 3481 1195 3558 habebat,
1227 3481 1297 3561 ipse

145 3592 254 3657 Druso
272 3592 378 3658 fratre
395 3593 519 3658 Tiberii
529 3595 669 3676 genitus,
680 3593 975 3674 Augustusnepos
986 3589 1044 3654 sed
1056 3583 1299 3652 anxiusoccul-

144 3695 190 3758 tis
200 3696 236 3759 in
245 3715 282 3760 se
293 3697 406 3777 patrui
416 3699 579 3780 aviaeque
589 3697 684 3776 odiis,
694 3714 836 3779 quorum
846 3712 971 3760 causae
981 3693 1139 3768 acriores
1148 3689 1228 3771 quia
1238 3688 1300 3750 ini·
1325 3702 1342 3754 5

147 3818 243 3881 quae.
270 3801 400 3882 Quippe
415 3801 511 3866 Drusi
522 3819 645 3882 magna
656 3801 744 3881 apud
755 3798 913 3880 populum
929 3797 1116 3860 Romanum
1127 3792 1298 3870 memoria,

148 3905 428 3988 credebaturque,
445 3907 473 3970 si
489 3924 602 3970 rerum
618 3907 745 3986 potitus
762 3901 858 3979 foret,
883 3901 1073 3966 libertatem
1089 3897 1299 3974 redditurus;

148 4009 238 4074 unde
263 4011 299 4074 in
315 4007 552 4074 Germanicum
568 4009 665 4074 favor
682 4013 714 4072 et
731 4025 808 4088 spes
825 4006 953 4071 eadem.
969 4002 1055 4066 Nam
1071 4001 1184 4064 iuveni
1200 4000 1299 4062 civile

1486 234 1490 330 l
