3010 4430
465 211 507 256 aa
523 211 662 258 nxcnssu
673 211 812 258 aueusrr
830 193 866 258 II.
883 191 1020 258 ira-53.
1252 199 1291 261 71

142 379 275 460 turbae,
290 381 348 445 sed
364 380 640 448 Musulamiorum
657 383 723 447 dux
740 383 869 448 haberi.
900 381 1021 448 Valida
1036 403 1077 450 ea
1093 403 1174 466 gens
1190 393 1223 450 et
1239 406 1293 451 so-

142 483 343 550 litudinibus
358 484 492 551 Africae
507 489 705 573 propInqua,
730 485 822 552 nullo
839 489 943 554 etiam
958 494 1029 553 tum
1044 490 1178 555 urbium
1194 488 1293 570 cultu,

143 590 234 670 cepit
251 607 346 654 arma
361 589 564 675 Maurosque
581 592 718 657 accolas
734 594 769 656 iu
784 592 910 657 bellum
926 595 1047 658 traxit:
1078 595 1145 658 dux
1176 601 1209 660 et
1233 595 1294 674 his,

142 693 306 776 Mazippa.
330 693 528 780 Divisusque
546 699 723 776 exercitus,
747 705 784 762 ut
809 697 1009 764 Tacfarinas
1024 698 1130 764 lectos
1145 701 1237 764 viros
1262 705 1295 765 et

143 799 334 864 Romanum
349 802 385 864 in
399 801 535 866 modum
553 808 702 867 armatos
717 803 840 867 castris
856 803 1025 880 attineret,
1047 804 1245 885 disciplinae
1262 811 1295 869 et
1305 823 1338 875 10

143 905 292 985 imperiis
308 912 489 988 suesceret,
512 906 667 988 Mazippa
682 907 749 972 levi
766 926 842 971 cum
859 909 957 990 copIa
982 908 1138 974 incendia
1162 915 1196 974 et
1220 923 1296 975 cae-

145 1009 205 1073 des
218 1014 252 1074 et
268 1016 433 1076 terrorem
448 1010 686 1077 circumferret.
705 1009 1000 1094 Conpulerantque
1016 1010 1188 1091 Cinithios,
1204 1013 1295 1077 baud

144 1100 370 1194 spernendam
394 1115 576 1194 nationem,
605 1117 640 1179 in
665 1115 793 1193 eadem,
823 1135 899 1180 cum
924 1116 1044 1180 Furius
1060 1115 1218 1181 Camillus
1234 1136 1295 1198 pro

144 1203 283 1282 consule
314 1216 449 1284 Africae
479 1218 644 1300 legionem
674 1225 708 1283 et
737 1219 826 1301 quod
852 1218 914 1283 sub
939 1220 1042 1301 signis
1067 1221 1236 1285 sociorum
1261 1221 1296 1285 in

143 1339 249 1385 unum
266 1322 449 1387 conductos
466 1323 509 1387 ad
524 1323 656 1387 hostem
672 1323 777 1401 duxit,
800 1322 970 1387 modicam
986 1342 1131 1404 manum,
1156 1325 1185 1388 si
1208 1325 1293 1389 mul·
1306 1341 1339 1395 15

143 1425 323 1491 titudinem
338 1425 558 1491 Numidarum
575 1432 675 1510 atque
697 1425 893 1490 Maurorum
919 1435 1108 1507 spectares;
1132 1429 1190 1494 sed
1215 1429 1298 1493 nihil

147 1547 254 1612 aeque
269 1530 455 1596 cavebatur
470 1549 572 1614 quam
588 1549 630 1597 ne
646 1530 771 1594 bellum
787 1535 879 1596 metu
896 1530 1085 1597 eluderent:
1113 1551 1171 1614 spe
1188 1533 1296 1598 victo-

147 1633 221 1698 riae
244 1634 372 1700 inducti
398 1640 475 1699 sunt
498 1640 535 1698 ut
559 1634 784 1698 vincerentur.
817 1633 918 1716 Igitur
943 1635 1027 1716 legio
1058 1638 1177 1717 medio,
1207 1637 1298 1703 leves

145 1738 306 1804 cohortes
322 1738 474 1821 duaeque
491 1737 566 1804 alae
582 1739 617 1802 ln
633 1738 793 1804 cornibus
809 1738 973 1803 locantur.
1003 1739 1072 1806 Nec
1098 1740 1297 1806 Tacfarinas

144 1861 291 1925 pugnam
310 1843 518 1908 detrectavit.
550 1843 629 1907 Fusi
659 1841 835 1920 Numidae,
864 1843 1053 1926 multosque
1082 1851 1158 1925 post
1188 1863 1341 1917 annosae

144 1946 247 2011 FurIo
264 1947 390 2010 nomIni
407 1953 540 2026 partum
558 1946 660 2011 decus
676 1945 824 2010 militiae.
849 1944 936 2010 Nam
951 1953 1029 2028 post
1052 1947 1145 2011 illum
1171 1949 1298 2029 recipe·

143 2057 294 2116 ratorem
312 2051 406 2115 urbis
421 2049 591 2134 filiumque
615 2034 698 2115 eius
712 2048 889 2114 Camillum
914 2067 1018 2130 penes
1043 2049 1127 2114 allas
1153 2049 1299 2118 familias

145 2157 366 2239 imperatoria
382 2157 456 2221 laus
472 2154 597 2235 fuerat;
625 2160 725 2238 atque
741 2155 808 2234 hic,
826 2172 926 2237 quem
941 2172 1176 2235 memoramus,
1191 2155 1298 2222 bello-

145 2279 222 2325 rum
245 2278 365 2342 expers
388 2260 587 2325 habebatur.
600 2259 646 2324 Eo
672 2259 811 2340 pronior
828 2257 981 2324 TiberIus
1005 2277 1060 2323 res
1076 2266 1191 2341 gestas
1208 2262 1298 2343 apud

145 2370 303 2430 senatum
318 2364 519 2442 celebravit3
545 2369 579 2428 et
594 2363 775 2428 decrevere
790 2367 904 2443 patres
914 2363 1132 2444 triumphalia
1146 2365 1299 2447 insignia,
1310 2384 1343 2438 rs

145 2468 238 2552 quod
254 2467 393 2534 Camillo
410 2468 454 2533 ob
470 2469 671 2533 modestiam
687 2468 778 2531 vitae
795 2467 930 2548 impune
947 2465 1016 2530 fuit.

251 2573 301 2638 53.
325 2571 476 2656 Sequens
489 2590 599 2637 annus
615 2570 787 2635 Tiberium
802 2571 912 2648 tertio,
928 2567 1164 2636 GermanIcum
1180 2575 1300 2639 lterum

146 2677 303 2742 consules
329 2676 456 2742 habuit.
488 2675 554 2742 Sed
580 2695 656 2741 eum
680 2676 843 2740 honorem
867 2673 1087 2740 Germanicus
1111 2677 1186 2742 iniit
1210 2679 1300 2759 apud

145 2781 266 2846 urbem
290 2781 441 2846 Achaiae
470 2780 657 2861 Nicopolim
682 2797 748 2862 quo
775 2784 916 2843 venerat
942 2795 1002 2860 per
1017 2778 1187 2862 Illyricam
1205 2799 1301 2845 oram

144 2886 223 2950 viso
238 2883 343 2950 fratre
358 2885 466 2950 Druso
482 2887 517 2949 in
532 2883 698 2949 Delmatia
714 2888 842 2964 agente,
858 2882 1044 2948 Hadriatici
1061 2900 1101 2948 ac
1118 2903 1199 2948 mox
1217 2883 1302 2949 Ionii

145 2989 252 3054 maris
268 2990 447 3055 adversam
463 2987 711 3070 navigationem
727 3002 914 3066 perpessus.
946 2985 1047 3067 Igitur
1075 3004 1202 3068 paucos
1229 2988 1301 3052 dies
1328 3004 1345 3056 5

145 3092 323 3173 insumpsit
340 3091 542 3158 reficiendae
557 3090 678 3156 classi:
703 3089 801 3154 simul
817 3089 911 3154 sinus
927 3088 1069 3154 Actiaca
1086 3090 1232 3156 victoria
1248 3092 1301 3154 in-

147 3196 257 3261 clutos
282 3202 315 3262 et
330 3202 483 3261 sacratas
508 3195 551 3260 ab
582 3193 731 3275 Augusto
758 3191 936 3257 manubias
960 3198 1140 3276 castraque
1164 3193 1302 3261 Antonii

146 3319 225 3365 cum
241 3299 479 3367 recordatione
495 3299 662 3364 maiorum
679 3315 818 3361 suorum
833 3295 924 3360 adiit.
948 3295 1100 3379 Namque
1118 3298 1157 3376 ei,
1181 3305 1220 3364 ut
1235 3319 1302 3365 me-

145 3407 288 3486 moravi,
305 3397 491 3470 avunculus
507 3403 685 3484 Augustus,
711 3420 794 3465 avus
810 3399 976 3466 Antonius
993 3408 1098 3482 erant,
1115 3420 1302 3487 magnaque

145 3511 217 3576 illic
231 3511 343 3592 imago
359 3509 506 3574 tristIum
521 3508 765 3588 laetorumque.
795 3505 880 3570 Hinc
895 3512 1033 3571 ventum
1057 3507 1218 3586 Athenas,
1233 3505 1301 3570 foe·
1316 3521 1346 3574 ιο

146 3615 287 3698 derique
304 3614 417 3679 sociae
434 3619 467 3679 et
483 3618 635 3677 vetustae
663 3609 758 3674 urbis
784 3609 907 3686 datum,
937 3616 973 3673 ut
998 3629 1065 3675 nno
1090 3611 1207 3676 lictore
1231 3617 1303 3672 ute-

145 3725 250 3786 retur.
274 3718 443 3798 Excepere
460 3715 581 3782 Graeci
597 3713 856 3798 quaesitissImis
871 3712 1067 3793 honoribus,
1091 3717 1207 3777 vetera
1223 3730 1300 3776 suo-

146 3843 225 3890 rum
241 3821 332 3888 facta
356 3821 512 3904 dictaque
537 3817 775 3900 praeferentes,
806 3836 871 3898 quo
898 3817 972 3898 plus
996 3815 1198 3898 dignationis
1223 3813 1303 3879 adu-

146 3929 233 3996 latio
249 3923 398 3991 haberet.
444 3995 447 4008 .
