3010 4430
199 225 242 294 20
635 244 788 292 consumi
804 243 913 292 rrcrrr

200 427 271 486 tate
288 418 562 499 permulcendum
578 416 718 482 militem
733 423 920 498 censerent
945 417 1004 482 alii
1029 417 1227 484 fortioribus
1243 433 1353 480 reme-

158 542 193 596 10
202 525 266 589 diis
284 522 466 604 agendum:
497 520 580 588 nibil
596 521 631 584 in
647 520 746 602 vulgo
763 520 950 600 modicum;
981 527 1119 602 terrere,
1141 523 1177 585 ni
1196 526 1354 602 paveant,

202 627 262 692 ubi
280 626 534 709 pertimuerint,¹
547 624 670 705 inpune
689 625 878 689 contemni:
910 625 989 690 dum
1010 627 1204 706 superstitio
1227 633 1355 708 urgeat,

202 731 397 801 adiciendos
407 748 448 796 ex
458 728 543 794 duce
552 734 660 794 metus
670 727 812 792 sublatis
821 728 997 795 seditionis
1007 730 1355 813 auctoribusPromp-

201 841 273 900 tum
290 834 333 898 ad
349 833 524 915 asperiora
540 833 709 914 ingenium
743 830 851 898 Druso
876 840 966 898 erat:
997 840 1137 899 vocatos
1152 833 1356 901 Vibulenum

202 945 235 1004 et
251 938 473 1004 Percennium
489 935 632 1002 interfici
648 936 750 1001 iubet.
783 937 937 1006 Tradunt
958 937 1109 1020 plerique
1125 939 1215 1004 intra
1240 939 1356 1005 taber-

160 1059 194 1115 15
203 1041 362 1109 naculum
386 1039 481 1105 ducis
505 1039 653 1120 obrutos,
684 1041 742 1105 alii
772 1060 918 1122 corpora
950 1047 1046 1106 extra
1070 1041 1197 1106 vallum
1222 1034 1357 1108 abiecta

203 1147 361 1214 ostentui.

300 1247 352 1316 30.
374 1248 457 1314 Tum
473 1255 510 1314 ut
527 1251 668 1334 quisque
694 1252 896 1331 praecipuus
920 1250 1077 1336 turbator
1102 1252 1293 1334 conquisiti,
1325 1259 1357 1316 et

204 1377 292 1439 pars,
310 1363 407 1422 extra
422 1363 535 1420 castra
551 1353 714 1434 palantes
731 1371 752 1416 a
768 1353 1024 1419 centurionibus
1034 1361 1094 1418 aut
1108 1355 1356 1435 praetoriarum

205 1461 395 1528 cohortium
411 1457 572 1522 militibus
588 1457 696 1521 caesi:
727 1457 892 1540 quosdam
911 1457 975 1538 ipsi
994 1458 1158 1539 manipuli
1174 1458 1359 1524 documen-

204 1572 277 1630 tum
291 1563 369 1630 fidei
384 1562 562 1627 tradidere.
579 1560 734 1638 Auxerat
748 1561 889 1626 militum
905 1580 1005 1626 curas
1022 1569 1240 1642 praematura
1249 1564 1358 1628 hiems

178 1668 369 1739 timbribus
384 1667 553 1732 continuis
578 1666 730 1748 adeoque
755 1665 874 1742 saevis,
903 1672 940 1729 ut
971 1685 1039 1730 non
1066 1667 1177 1746 egredi
1202 1667 1359 1746 tentoria,

204 1773 402 1855 congregari
419 1773 506 1836 inter
522 1788 568 1849 se,
598 1771 654 1834 vix
670 1771 774 1835 tutari
798 1771 895 1852 signa
925 1776 1073 1851 possent,
1104 1790 1191 1854 quae
1223 1771 1359 1837 turbine

204 1885 307 1962 atquc
323 1878 415 1942 unda
427 1875 659 1957 raptabantur.
690 1873 841 1940 Durabat
866 1881 898 1939 et
925 1873 1070 1940 formido
1097 1877 1253 1942 caelestis
1277 1877 1359 1957 irae,

206 2000 269 2048 nec
285 1981 411 2047 frustra
427 1981 589 2049 adversus
614 1979 735 2060 impios
759 1978 943 2043 hebescere
960 1979 1082 2058 sidera,
1106 1999 1206 2046 ruere
1230 1987 1360 2062 tempe-

207 2091 328 2152 states:
359 2102 428 2149 non
445 2084 535 2149 aliud
555 2083 721 2148 malorum
736 2083 974 2163 levamentum,
998 2077 1144 2166 quamsi
1168 2085 1360 2167 linquerent

165 2207 199 2262 10
208 2187 499 2254 castrainlausta
522 2193 755 2269 temerataque
779 2192 814 2252 et
838 2186 939 2252 soluti
963 2188 1096 2269 piaculo
1124 2190 1194 2254 suis
1218 2189 1360 2273 quisque

203 2291 364 2356 hibernis
380 2289 611 2356 redderentur.
635 2289 783 2355 Primum
809 2296 941 2371 octava,
972 2291 1051 2357 dein
1075 2293 1193 2376 quinta
1218 2293 1360 2358 decuma

207 2395 293 2476 legio
310 2393 457 2459 rediere:
473 2411 630 2458 nonanus
645 2393 869 2474 opperiendas
885 2393 1019 2468 Tiberii,
1028 2396 1188 2476 epistulas
1205 2397 1360 2461 clamita-

207 2502 313 2576 verat,
328 2515 408 2562 mox
425 2496 596 2562 desolatus
612 2496 752 2562 aliorum
768 2498 975 2564 discessione
985 2499 1205 2566 inminentem
1215 2501 1360 2566 necessi-

208 2607 317 2667 tatem
333 2605 454 2681 sponte
464 2600 646 2681 praevenit
669 2599 710 2672 Et
725 2599 851 2665 Drusus
868 2620 936 2668 non
964 2609 1160 2683 exspectato
1174 2603 1361 2684 legatorum

168 2723 201 2776 to
210 2722 373 2786 regressu,
383 2704 464 2787 quia
473 2705 666 2784 praesentia
676 2705 760 2769 satis
770 2705 1005 2786 consederant,
1015 2706 1050 2770 in
1060 2705 1178 2771 urbem
1189 2707 1296 2772 rediit.

314 2809 365 2874 31.
389 2807 497 2873 Isdem
512 2806 617 2874 ferme
631 2808 749 2888 diebus
765 2809 872 2874 isdem
889 2810 1001 2874 causis
1021 2807 1244 2876 Germanicae
1259 2810 1362 2893 legio-

209 2931 270 2978 nes
286 2913 453 2992 turbatae,
480 2917 606 2996 quanto
623 2912 745 2993 plures,
769 2918 865 2977 tanto
881 2913 1071 2994 violentius,
1099 2920 1133 2980 et
1156 2933 1279 2998 magua
1303 2932 1363 2996 spe

209 3017 282 3084 fore
299 3023 336 3082 ut
359 3014 579 3082 Germanicus
596 3013 722 3082 Caesar
747 3016 924 3098 imperium
949 3017 1089 3084 alterius
1113 3018 1184 3099 pati
1208 3007 1365 3101 nequiret

210 3123 375 3203 daretque
399 3139 436 3185 se
466 3120 654 3203 legionibus
683 3121 716 3185 vi
744 3138 806 3185 sua
822 3127 945 3186 cunata
969 3123 1138 3188 tracturis.
1170 3121 1241 3187 Duo
1273 3123 1364 3204 apud

185 3226 322 3305 sripam
346 3222 454 3287 Rheni
479 3225 645 3288 exercitus
670 3209 785 3289 erant:
809 3225 864 3288 cui
889 3243 1013 3290 nomen
1038 3225 1212 3306 superiori,
1242 3225 1305 3291 sub
1330 3223 1364 3290 C·

208 3327 290 3396 silio
316 3325 436 3407 legato,
460 3324 653 3392 inferiorem
678 3326 715 3391 A.
734 3324 883 3393 Caecina
909 3328 1059 3394 curabat.
1086 3327 1248 3412 Regimen
1272 3348 1367 3396 ειηιι·Ι

212 3448 288 3503 mae
304 3429 354 3494 rei
370 3446 474 3510 penes
489 3425 736 3510 Germanicum,
750 3431 881 3510 agendo
897 3429 1083 3497 Galbanum
1093 3433 1210 3498 censui
1226 3439 1298 3498 tum
1313 3434 1367 3497 in-

211 3541 350 3600 tentum.
366 3529 431 3598 Sed
447 3532 569 3614 quibus
584 3531 685 3598 Silius
701 3533 950 3613 moderabatur,
974 3541 1086 3601 mente
1111 3536 1269 3618 ambigua
1294 3534 1366 3602 for-

213 3647 331 3706 tunam
346 3636 521 3702 seditionis
544 3637 675 3702 olienae
698 3637 980 3722 speculabantur:
1004 3637 1173 3705 inferioris
1196 3640 1368 3705 exercitus

170 3760 204 3816 10
213 3742 309 3808 miles
324 3741 359 3805 in
374 3739 505 3806 rabiem
520 3739 768 3821 prolapsurus,
781 3747 858 3806 orto
878 3741 922 3806 ab
932 3742 1254 3808 unetvicensimanis
1269 3742 1368 3824 quin-

213 3845 370 3927 tanisque
385 3843 491 3922 initio,
509 3850 545 3909 et
560 3845 678 3910 tractis
692 3843 802 3925 prima
827 3863 960 3929 quoque
985 3865 1026 3912 ao
1050 3845 1237 3911 vicensima
1260 3846 1368 3928 legio-

214 3946 332 4012 nibus:
347 3965 427 4012 nam
443 3947 549 4014 isdem
566 3947 703 4012 aestivis
717 3949 753 4012 in
769 3947 891 4013 linibus
903 3948 1066 4015 Ubiorum
1081 3947 1296 4014 habebantur
1305 3969 1368 4032 per

215 4051 321 4119 ouum
337 4056 395 4114 aut
409 4049 496 4116 levia
512 4051 636 4116 munia.
662 4049 763 4134 lgitur
788 4051 904 4119 audito
929 4051 995 4117 fine
1018 4051 1158 4136 Augusti
1182 4053 1368 4119 vernacula

161 4317 318 4400 ku
