3010 4430
217 247 262 314 30
658 266 811 313 counanu
827 266 935 314 rnclrr

220 457 298 504 nem
314 437 442 503 attulit:
458 435 602 518 prolana
618 437 717 501 simul
733 444 766 501 et
782 455 881 502 sacra
896 443 930 502 et
946 435 1202 502 celeberrimum
1218 435 1283 500 illis
1294 454 1373 518 gen-

190 542 311 613 5tibus
326 541 486 623 templum
502 542 590 624 quod
602 540 788 607 Tamlanae
803 540 975 607 vocabant
990 540 1062 606 solo
1080 547 1277 625 aequantur.
1293 540 1373 607 Sine

220 647 359 712 vulnere
374 646 505 727 milites,
521 647 578 728 qui
594 645 824 725 semisomnos
840 647 987 711 inermos
1008 652 1067 710 aut
1081 645 1228 727 palantis
1245 644 1374 710 cecide·

220 757 306 816 rant.
330 751 460 815 Excivit
475 768 516 815 ea
535 751 657 816 caedes
683 750 872 830 Bructeros
902 749 1084 830 Tubantes,
1115 749 1277 831 Usipetes,
1303 749 1371 813 sal-

221 861 349 937 tusque,
374 875 433 937 per
449 874 533 938 quos
550 855 712 921 exercitui
732 873 913 935 regressus,
929 855 1094 919 insedere.
1118 852 1214 934 Quod
1231 872 1373 937 gnarum

221 960 299 1024 duci
314 961 518 1041 incessitque
534 959 646 1024 itineri
658 965 691 1023 et
708 959 843 1039 proelio.
868 957 952 1022 Pars
969 959 1117 1040 equitum
1128 965 1160 1021 et
1175 957 1374 1024 auxiliariae

179 1082 212 1135 10
222 1064 379 1129 cohortes
395 1062 574 1144 ducebant,
603 1081 682 1127 mox
697 1045 807 1144 prima
822 1061 916 1142 legio,
934 1065 978 1126 et
992 1061 1111 1126 mediis
1126 1061 1374 1141 impedimentis

221 1169 395 1232 sinistrum
411 1167 500 1233 latus
514 1169 829 1247 unetvicensimani,
854 1167 1008 1232 dextrum
1033 1167 1187 1248 quintani
1211 1166 1375 1244 clausere,

220 1272 405 1337 vicensima
434 1270 519 1353 legio
550 1276 644 1352 terga
674 1270 828 1349 firmavit,
858 1275 935 1351 post
958 1271 1061 1334 ceteri
1093 1271 1271 1335 sociorum.
1304 1269 1371 1336 Sed

219 1377 343 1456 hostes
373 1375 480 1441 donec
500 1395 618 1458 agmen
634 1394 694 1458 per
719 1375 825 1440 saltus
855 1369 1091 1457 porrigeretur,
1124 1375 1263 1456 immoti,
1293 1375 1371 1442 dein

220 1480 329 1544 latera
345 1486 378 1544 et
394 1478 540 1545 frontem
556 1480 687 1545 modice
704 1479 922 1556 adsultantes
946 1484 1020 1544 tota
1044 1479 1078 1543 vi
1095 1479 1297 1545 novissimos
1322 1480 1372 1545 in·

177 1598 211 1657 15
221 1601 366 1648 currere.
390 1581 696 1666 Turbabanturque
713 1583 829 1648 densis
853 1581 1099 1650 Germanorum
1125 1585 1271 1650 catervis
1281 1584 1373 1649 leves

221 1691 387 1770 cohortes,
403 1710 479 1756 cum
494 1689 620 1756 Caesar
636 1691 799 1756 advectus
819 1690 862 1756 ad
878 1690 1126 1756 vicensimanos
1150 1709 1233 1756 voce
1249 1708 1373 1771 magna

221 1794 384 1860 hoc'illud
400 1799 531 1876 tempus
551 1795 786 1861 obliterandae
810 1795 985 1860 seditionis
1009 1794 1223 1860 clamitabat:
1255 1813 1373 1876 perge-

222 1904 307 1978 rent,
332 1905 554 1979 properarent
570 1898 705 1980 culpam
734 1901 770 1964 in
794 1900 897 1964 decus
913 1905 1053 1964 vertere.
1069 1899 1234 1965 Exarsere
1249 1899 1374 1964 animis

220 2021 354 2086 unoque
370 2004 497 2084 impetu
513 2009 708 2085 perruptum
725 2004 857 2068 hostem
872 1987 1026 2084 redigunt
1035 2004 1070 2067 in
1082 2006 1200 2084 aperta
1210 2003 1373 2069 caedunt-

174 2123 211 2176 ao
222 2123 303 2190 que:
320 2107 418 2173 simul
434 2109 533 2189 primi
544 2109 686 2190 agminis
697 2109 816 2190 copiae
826 2115 965 2173 evasere
976 2107 1079 2172 silvas
1090 2112 1268 2191 castraque
1278 2127 1372 2174 com-

223 2211 405 2276 munivere.
423 2211 577 2291 Quietum
595 2213 672 2276 inde
689 2213 761 2292 iter,
777 2211 949 2293 fidensque
963 2212 1156 2277 recentibus
1166 2230 1206 2276 ac
1223 2215 1372 2294 priorum

222 2313 345 2378 oblitus
362 2313 457 2378 miles
473 2315 508 2379 in
523 2314 674 2380 bibernis
690 2314 829 2380 locatur.

325 2416 375 2483 52.
399 2417 562 2482 Nuntiata
590 2436 630 2482 ea
656 2416 828 2483 Tiberium
854 2420 983 2486 laetitia
1020 2436 1168 2502 curaque
1198 2418 1372 2486 adiecere:

221 2521 389 2604 gaudebat
406 2539 601 2605 oppressam
617 2522 827 2603 seditionem,
841 2523 902 2589 sed
918 2523 1007 2607 quod
1023 2523 1205 2604 largiendis
1220 2526 1372 2606 pecuniis

221 2633 256 2691 et
271 2626 430 2691 missione
441 2625 599 2692 festinata
609 2626 760 2693 favorem
770 2627 910 2693 militum
921 2629 1150 2711 quaesivisset,
1160 2628 1282 2694 bellica
1291 2648 1372 2713 quo·

220 2747 285 2812 que
304 2727 496 2795 Germanici
520 2730 626 2811 gloria
642 2730 837 2812 angebatur.
867 2731 1007 2796 Rettulit
1022 2738 1137 2796 tamen
1154 2731 1197 2795 ad
1214 2739 1371 2799 senatum

191 2833 262 2902 ade
278 2832 379 2897 rebus
395 2835 497 2916 gestis
512 2835 683 2917 multaque
708 2836 750 2900 de
773 2836 900 2900 virtute
925 2837 996 2900 eius
1026 2837 1234 2916 memoravit,
1265 2839 1372 2920 magis

221 2937 256 3001 in
271 2937 417 3018 speciem
432 2937 545 3003 verbis
560 2938 728 3005 adornata
742 2958 844 3022 quarn
859 2946 896 3005 ut
912 2941 1045 3022 penitus
1065 2941 1190 3006 sentire
1215 2942 1372 3008 credere-

222 3047 285 3107 tur.
309 3041 532 3109 Pauoioribus
547 3042 692 3108 Drusum
708 3049 743 3108 et
757 3043 857 3109 finem
869 3044 992 3128 lllyrici
1007 3051 1119 3110 motus
1133 3045 1294 3127 laudavit,
1310 3050 1370 3113 sed

220 3147 380 3211 intentior
393 3152 430 3234 et
444 3145 513 3212 fida
527 3147 690 3212 oratione.
707 3145 903 3230 Cunctaque
919 3166 1006 3230 quae
1022 3145 1243 3214 Germanicus
1258 3150 1372 3216 indul-

219 3256 321 3328 serat,
336 3251 484 3315 servavit
500 3252 601 3317 etiam
618 3252 706 3332 apud
723 3251 937 3316 Pannonicos
953 3253 1131 3317 exercitus.

324 3353 376 3418 53.
399 3352 522 3419 Eodem
539 3373 630 3419 anno
646 3354 730 3420 lulia
745 3374 938 3436 supremum
954 3356 1042 3420 diem
1059 3355 1150 3436 obiit,
1166 3357 1210 3422 ob
1225 3357 1373 3439 impudi-

218 3457 334 3524 citiam
350 3457 430 3523 olim
446 3477 467 3523 a
482 3464 579 3540 patre
592 3458 743 3540 Augusto
767 3459 974 3525 Pandateria
989 3459 1107 3541 insula,
1138 3479 1217 3527 mox
1247 3463 1373 3549 oppido

219 3560 431 3643 Reginorum,
461 3561 517 3644 qui
547 3560 696 3634 Siculum
720 3561 842 3627 fretum
859 3562 1024 3645 accolunt,
1040 3564 1164 3630 clausa.
1196 3565 1320 3634 Fuerat
1334 3570 1373 3636 in

219 3665 434 3731 matrimonio
468 3664 593 3731 Tiberii
623 3665 821 3732 florentibus
852 3665 936 3733 Gaio
967 3673 1002 3734 et
1032 3668 1135 3735 Lucio
1165 3668 1372 3740 Caesaribus

188 3775 459 3853 sspreveratque
475 3776 511 3835 ut
531 3771 704 3853 inparem;
728 3788 792 3836 neo
808 3771 962 3837 allatam
978 3772 1099 3838 intima
1113 3772 1248 3841 Tiberio
1263 3795 1371 3844 causa

217 3891 277 3936 cur
292 3871 446 3938 Rhodum
463 3872 669 3940 abscederet.
700 3873 880 3957 Imperium
904 3875 1047 3958 adeptus
1071 3883 1250 3957 extorrem,
1280 3879 1372 3946 inla—

217 3991 305 4040 mem
321 3983 353 4040 et
369 3983 445 4057 post
460 3975 673 4044 interiectum
690 3976 887 4044 Postumum
900 3977 1081 4061 Agrippam
1092 3981 1201 4046 omnis
1211 3985 1282 4065 spei
1292 4001 1372 4066 ege·

217 4095 296 4145 nam
313 4079 428 4162 iuopia
444 4100 484 4146 ac
500 4081 582 4148 tabe
597 4082 697 4166 longa
713 4071 866 4165 peremit,
882 4082 1062 4150 obscuram
1078 4082 1151 4150 fore
1161 4102 1279 4153 necem
1295 4087 1373 4154 lon-
