3010 4430
211 238 254 304 54
650 256 802 305 oonuxuu
818 256 926 304 rucrrr
966 267 981 286 υ
1026 286 1029 292 .

167 430 312 499 uomodo
343 449 389 506 se,
429 428 535 510 patris
566 427 745 510 patruique
778 428 919 509 vestigia
945 427 1160 510 prementem,
1191 431 1297 495 isdem
1327 432 1364 494 in

211 535 311 598 terris
327 535 491 600 uictorem
507 534 673 598 sisterent.

317 639 364 703 15.
390 637 586 704 Orationem
605 639 701 703 ducis
721 645 855 703 secutus
875 638 1018 703 militum
1037 639 1148 719 ardor,
1164 640 1364 723 signumque

211 761 342 824 pugnae
359 741 485 808 datum.
511 741 581 808 Nec
597 741 769 806 Arminius
786 749 844 807 aut
860 744 966 807 ceteri
982 741 1227 808 Germanorum
1244 763 1362 826 proce-

181 907 185 916 ,
210 866 265 911 res
281 848 482 914 omittebant
499 866 578 912 suos
606 848 729 929 quique
755 846 883 925 testari,
908 847 970 911 hos
996 865 1070 912 esse
1096 847 1268 913 Romanos
1292 847 1363 914 Va-

210 950 298 1015 riani
314 952 484 1016 exercitus
501 951 743 1032 fugacissimos,
768 951 825 1033 qui
841 968 883 1015 ne
899 950 1024 1015 bellum
1049 951 1244 1034 tolerarent,
1269 955 1361 1019 sedi·

184 1055 339 1124 5ti0nem
355 1055 546 1131 induerint;
562 1072 706 1137 quorum
722 1073 801 1135 pars
819 1061 941 1119 onusta
951 1053 1147 1120 vulneribus
1163 1062 1266 1139 terga,
1282 1077 1363 1138 pars

209 1157 367 1223 fluctibus
392 1165 426 1222 et
442 1159 600 1240 procellis
616 1159 743 1224 fractos
761 1165 854 1224 artus
871 1156 1010 1222 infensis
1035 1179 1170 1224 rursum
1195 1160 1362 1240 hostibus,

211 1263 363 1326 adversis
380 1263 431 1326 dis
448 1263 606 1343 obiciant,
622 1261 714 1328 nulla
730 1263 811 1328 honi
828 1281 894 1344 spe.
918 1261 1069 1328 Classem
1094 1264 1216 1345 quippe
1233 1270 1266 1328 et
1282 1265 1362 1329 avia

211 1364 337 1431 Oceani
353 1367 517 1449 quaesita,
542 1384 585 1431 ne
610 1367 684 1448 quis
709 1365 923 1431 venientibus
949 1373 1153 1446 occurreret,
1178 1386 1220 1431 ne
1245 1367 1361 1449 pulsos

210 1476 395 1548 premeret:
422 1470 481 1534 sed
505 1470 563 1535 ubi
579 1471 777 1534 miscuerint
793 1489 922 1546 manus,
947 1471 1049 1535 inane
1065 1471 1165 1534 victis
1181 1477 1361 1536 ventorum

167 1588 201 1640 10
210 1592 423 1638 remorumve
437 1572 631 1638 subsidium.
647 1573 878 1639 Meminissent
894 1574 994 1639 modo
1014 1574 1187 1651 avaritiae,
1214 1572 1361 1641 crudeli-

210 1678 298 1756 tatis,
315 1677 509 1757 superbiae:
531 1678 702 1743 aliud-sibi
719 1678 883 1760 reliquum
899 1697 999 1761 quam
1024 1683 1141 1742 tenere
1166 1678 1360 1745 libertatem

211 1786 268 1844 aut
285 1782 370 1845 mori
386 1788 465 1846 ante
481 1782 683 1846 servitium?

316 1886 364 1950 16.
388 1885 444 1951 Sic
461 1904 622 1950 accensos
640 1892 673 1951 et
690 1885 853 1966 proelium
871 1891 1048 1965 poscentes
1065 1887 1099 1949 in
1116 1904 1282 1966 campum,
1305 1891 1359 1953 cui

212 1990 384 2054 ldisiaviso
402 2009 533 2068 nomen,
551 1990 727 2056 deducunt.
750 1990 782 2053 Is
805 1991 934 2055 medius
950 1991 1038 2056 iuter
1055 1991 1219 2072 Visurgim
1238 1998 1271 2056 et
1287 1995 1358 2059 ool-

211 2095 266 2172 les,
291 2103 328 2159 ut
344 2096 438 2176 ripae
454 2095 600 2159 fluminis
617 2095 741 2159 cedunt
757 2101 816 2158 aut
831 2095 1058 2175 prominentia
1084 2097 1248 2160 montium
1274 2099 1359 2162 resi:

210 2206 310 2278 stunt,
335 2199 558 2282 inaequaliter
576 2200 739 2263 sinuatur.
770 2199 861 2264 Pone
887 2206 1016 2281 tergum
1042 2200 1237 2282 insurgebat
1261 2203 1358 2284 silva,

182 2305 308 2371 aeditis
324 2305 358 2366 in
375 2303 480 2368 altum
497 2303 600 2366 ramis
617 2310 650 2367 et
675 2321 759 2382 pura
784 2303 886 2367 humo
911 2305 999 2368 inter
1023 2305 1183 2369 arborum
1208 2311 1357 2372 truncos.

210 2405 372 2487 Campum
404 2413 437 2472 et
467 2407 575 2488 prima
606 2406 766 2471 silvarum
783 2406 931 2472 barbara
948 2409 1038 2472 acies
1049 2409 1174 2473 tenuit:
1191 2407 1255 2473 soli
1271 2408 1357 2476 Che-

209 2512 298 2574 rusci
314 2512 389 2591 iuga
406 2511 568 2591 insedere,
595 2517 631 2574 ut
647 2511 890 2592 proeliantibus
906 2511 1068 2576 Romanis
1084 2514 1228 2594 desuper
1244 2515 1359 2580 incur-

208 2622 329 2680 rerent.
354 2615 476 2681 Noster
492 2617 659 2682 exercitus
676 2617 724 2680 sic
741 2617 896 2680 incessit:
913 2617 1095 2682 auxiliares
1112 2616 1199 2684 Galli
1215 2617 1358 2685 Germa-

208 2720 308 2802 nique
317 2721 352 2784 in
364 2719 483 2800 fronte,
501 2727 576 2802 post
591 2739 675 2802 quos
691 2721 820 2801 pedites
836 2721 1018 2802 sagittarii;
1036 2721 1114 2786 dein
1131 2729 1291 2805 quattuor
1308 2724 1357 2789 le-

165 2825 324 2905 togiones
341 2833 374 2889 et
391 2844 467 2889 cum
483 2825 614 2889 duabus
631 2826 810 2906 praetoriis
827 2825 1023 2890 cohortibus
1039 2844 1080 2890 ac
1096 2825 1226 2890 delecto
1245 2827 1359 2909 equite

208 2925 352 3007 Caesar;
383 2929 471 2993 exim
488 2930 626 2994 totidem
643 2929 730 2995 aliae
746 2929 893 3010 legiones
910 2935 942 2993 et
969 2929 1053 2992 levis
1079 2936 1255 2994 armatura
1281 2949 1357 2994 cum

191 3033 319 3122 ‘equite
336 3034 511 3116 sagittario
527 3040 729 3116 ceteraeque
755 3035 923 3098 sociorum
940 3033 1107 3098 cohortes.
1129 3033 1281 3098 Intentus
1298 3053 1357 3116 pa-

12 3093 189 3173 R‘
207 3144 367 3221 ratusque
384 3137 488 3216 miles,
505 3144 542 3200 ut
558 3139 641 3202 ordo
658 3138 800 3218 agminis
817 3139 851 3199 in
868 3137 976 3201 aciem
993 3136 1181 3202 adsisteret.

314 3242 362 3305 17.
382 3240 471 3305 Visis
488 3240 734 3307 Cheruscorum
750 3241 905 3321 catervis,
921 3259 1007 3323 quae
1023 3259 1084 3321 per
1100 3239 1261 3305 ferociam
1278 3259 1358 3322 pro-

208 3351 379 3426 ruperant,
410 3344 634 3410 validissimos
665 3347 814 3427 equitum
839 3346 1011 3409 incurrere
1035 3345 1132 3422 latus
1159 3343 1358 3410 Stertinium

208 3468 282 3511 cum
300 3449 421 3512 ceteris
437 3449 556 3513 turmis
572 3450 790 3530 circumgredi
806 3454 966 3532 tergaque
983 3448 1142 3513 invadere
1159 3449 1259 3528 iubet,
1284 3450 1358 3529 ipse

208 3554 408 3633 intempore
425 3551 610 3617 adfuturus.
632 3552 1046 3633 Intereapulcherrimum
1062 3553 1247 3634 augurium,
1277 3558 1356 3618 octo

181 3656 343 3738 saquilae
359 3662 473 3737 petere
490 3657 594 3720 silvas
611 3663 642 3722 et
657 3657 784 3721 intrare
801 3657 895 3721 visae
913 3655 1152 3736 imperatorem
1169 3657 1356 3724 advertere.

209 3759 381 3824 Exclamat
397 3761 495 3838 irent,
512 3767 731 3843 sequerentur
750 3761 921 3824 Romanas
938 3777 1027 3837 aves,
1043 3759 1179 3839 propria
1189 3759 1355 3840 legionum

209 3865 354 3928 numina.
376 3863 481 3930 Simul
497 3866 663 3945 pedestris
678 3867 770 3930 acies
795 3863 937 3929 infertur
963 3870 996 3928 et
1021 3862 1227 3943 praemissus
1250 3883 1357 3948 eques

209 3971 396 4045 postremos
413 3986 453 4032 ac
470 3968 579 4032 latera
595 3968 733 4048 impulit.
770 3967 956 4049 Mirumque
981 3967 1084 4043 dictu,
1115 3965 1180 4030 duo
1207 3967 1356 4036 hostium

208 4069 343 4149 agmina
360 4069 494 4135 diversa
520 4069 606 4153 fuga,
631 4071 687 4155 qui
711 4072 830 4137 silvam
855 4076 1044 4149 tenuerant,
1075 4069 1110 4133 in
1140 4077 1267 4150 aperta,
1297 4075 1356 4158 qui
