3010 4430
434 235 476 280 se
492 234 632 282 nxcnssu
648 232 787 281 auousrr
805 212 841 278 ll.
853 212 989 280 54-57.
1233 212 1274 278 73

117 423 190 482 nes,
221 421 356 469 severos
385 403 540 468 tribunos
569 404 762 468 demoveret
787 403 929 486 locaque
954 422 1070 469 eorum
1096 405 1274 471 clientibus
1284 421 1319 474 20

116 509 191 573 suis
205 507 259 574 vel
274 507 453 572 deterrimo
470 508 591 590 cuique
611 506 821 584 attribueret,
846 507 1009 571 desidiam
1024 509 1059 572 in
1075 510 1207 590 cestrie,
1236 509 1274 574 li-

116 614 268 680 centiam
282 614 319 677 in
333 612 482 692 urbibus,
498 631 617 694 vagum
632 630 672 677 ao
688 611 918 678 lascivientem
943 631 1003 694 per
1019 632 1119 696 agros
1135 614 1275 680 militem

118 719 256 796 sineret,
274 735 313 782 eo
329 735 434 800 usque
450 717 677 797 corruptionis
693 721 873 796 provectus
889 721 949 796 est,
964 723 1001 780 ut
1011 736 1169 783 sermone
1185 718 1275 800 vulgi

120 840 246 904 parens
261 821 428 902 legionum
444 820 635 886 haberetur.
656 819 726 885 Nec
745 819 908 884 Plancina
926 838 962 886 se
978 822 1068 886 intra
1085 821 1210 886 decora
1227 821 1241 885 f
1260 859 1273 871 -

120 926 221 990 minis
246 924 392 1028 terebat,
423 923 483 989 sed
506 924 668 989 exercitio
684 925 842 1007 equitum,
867 925 1064 990 decursibus
1080 927 1273 990 cohortium
1282 944 1316 998 aa

119 1031 293 1110 interesse,
308 1029 344 1092 in
359 1027 586 1109 Agrippinam,
610 1028 646 1091 in
661 1026 899 1093 Germanicum
916 1029 1138 1094 contumelias
1155 1030 1274 1108 iacere,

119 1133 322 1218 quibusdam
337 1133 440 1197 etiam
456 1131 624 1196 bonorum
639 1132 782 1196 militum
798 1132 841 1196 ad
858 1133 948 1197 mala
964 1134 1127 1215 obsequia
1139 1151 1273 1214 promp-

121 1238 175 1317 tia,
188 1237 277 1320 quod
293 1235 383 1300 haud
398 1235 503 1300 invito
519 1235 722 1316 imperatore
739 1253 779 1300 ea
795 1235 867 1300 lieri
884 1236 1036 1300 occultus
1052 1255 1167 1300 rumor
1184 1238 1276 1302 ince-

120 1341 230 1407 debat
254 1340 343 1406 Nota
357 1341 442 1406 haec
458 1338 668 1418 Germanico,
693 1341 751 1405 sed
775 1343 946 1422 praeverti
963 1342 1006 1406 ad
1023 1340 1201 1406 Armenios
1226 1343 1275 1406 in-

122 1446 267 1511 stantior
283 1463 365 1510 aura
381 1442 451 1509 suit.
1285 1463 1320 1517 30

226 1549 275 1616 56.
299 1549 464 1632 Ambigua
488 1569 569 1632 gens
594 1568 635 1614 ea
660 1551 845 1632 antiquitus
871 1551 1044 1618 bominum
1075 1542 1217 1633 ingeniis
1243 1559 1276 1616 et

121 1655 188 1718 situ
203 1659 380 1732 terrarum,
404 1655 564 1738 quoniam
588 1655 713 1718 nostris
729 1654 912 1734 provinciis
928 1652 996 1719 late
1021 1661 1198 1736 praetenta
1215 1675 1273 1736 pe-

121 1760 212 1823 nitus
229 1760 274 1840 ad
287 1757 402 1823 Medos
427 1758 859 1840 porrigitur;maximisque
876 1759 1024 1839 imperiis
1049 1760 1218 1824 interiecti
1244 1768 1277 1824 et

121 1863 255 1944 saepius
270 1863 443 1928 discordes
459 1868 546 1941 sunt,
576 1863 739 1927 adversus
754 1861 926 1926 Romanos
951 1861 1029 1926 odio
1061 1870 1094 1926 et
1124 1863 1159 1926 in
1189 1863 1272 1926 Par-

121 1967 214 2030 thum
230 1966 364 2031 invidia.
402 1965 525 2048 Regem
554 1960 612 2030 illa
636 1970 837 2047 tempestate
862 1982 930 2028 non
946 1963 1128 2044 habebant,
1159 1973 1272 2030 amoto
1302 1981 1318 2034 5

121 2067 279 2135 Vonone:
303 2071 362 2135 sed
380 2069 475 2134 favor
491 2071 639 2134 nationis
655 2067 840 2133 inclinabat
866 2070 900 2132 in
916 2068 1096 2148 Zenonem,
1119 2069 1274 2134 Polemo-

122 2175 171 2238 nis
187 2174 275 2256 regis
291 2173 422 2240 Pontici
438 2173 554 2252 filium,
583 2173 672 2258 quod
698 2175 726 2238 is
751 2173 860 2254 prima
884 2174 927 2238 ab
952 2172 1096 2237 infantia
1120 2175 1274 2251 instituta

123 2284 154 2341 et
169 2277 296 2344 cultum
311 2277 549 2343 Armeniorum
565 2278 762 2358 aemulatus,
781 2284 906 2342 venatu
923 2277 1030 2359 epulis
1047 2282 1080 2342 et
1096 2297 1182 2361 quae
1209 2277 1275 2342 alia

122 2381 258 2447 barbari
268 2381 452 2463 celebrant,
466 2402 624 2464 proceres
641 2383 838 2465 plebemque
848 2384 942 2447 iuxta
952 2383 1159 2448 devinxerat.
1175 2383 1275 2463 Igitur

123 2483 341 2552 Germanicus
356 2487 391 2550 in
406 2487 491 2551 urbe
515 2485 682 2552 Artaxata
708 2487 976 2569 adprobantibus
1000 2485 1178 2562 nobilibus,
1210 2487 1320 2554 cir-10

128 2589 277 2656 cumfuse
292 2591 513 2668 multitudine,
529 2591 658 2672 insigne
674 2591 802 2672 regium
819 2591 922 2670 capiti
939 2591 1010 2654 eius
1027 2589 1194 2670 imposuit.
1211 2587 1274 2653 Ce-

126 2695 186 2758 teri
201 2700 403 2758 venerantes
419 2713 531 2775 regem
547 2694 723 2759 Artaxiam
740 2694 1009 2772 consalutavere,
1036 2693 1126 2775 quod
1152 2692 1199 2755 illi
1217 2710 1274 2756 vo-

125 2797 279 2864 cabulum
295 2799 487 2864 indiderant
504 2817 545 2863 ex
561 2800 697 2864 nomine
712 2799 813 2863 urbis
846 2797 889 2862 At
914 2796 1134 2879 Cappadoces
1158 2797 1192 2859 in
1208 2794 1274 2860 for-

126 2919 211 2966 mam
236 2903 430 2983 provinciae
454 2903 585 2968 redacti
612 2903 647 2984 Q.
663 2902 848 2968 Veranium
874 2903 1021 2982 legatum
1037 2918 1217 2982 acoepere;
1241 2907 1275 2965 et

127 3008 288 3087 quaedam
304 3027 346 3072 ex
360 3009 460 3090 regiis
484 3008 619 3073 tributis
644 3009 825 3088 deminuta,
856 3027 922 3091 quo
948 3008 1060 3071 mitius
1085 3006 1274 3070 Romanurn
1286 3023 1317 3076 15

129 3107 298 3191 imperium
317 3118 519 3192 speraretur.
542 3110 775 3192 Commagenis
800 3111 835 3192 Q.
853 3111 1019 3177 Servaeus
1044 3109 1273 3190 praeponitur,

129 3217 195 3277 tum
210 3216 353 3295 primum
368 3215 412 3280 ad
428 3218 480 3281 ius
497 3217 663 3298 praetoris
678 3215 864 3280 translatis.
1291 3205 1293 3209 ’

225 3317 274 3383 57.
298 3319 494 3403 Cunctaque
521 3320 662 3386 socialia
687 3337 848 3400 prospere
880 3318 1068 3398 composita
1099 3336 1168 3382 noo
1198 3317 1275 3382 ideo

130 3417 246 3488 laetum
275 3423 513 3490 Germanicum
543 3424 716 3489 habebant
747 3424 791 3488 ob
822 3422 1015 3503 superbiam
1046 3421 1187 3499 Pisonis
1217 3423 1274 3504 qui

132 3521 232 3592 iussus
246 3535 378 3609 partem
393 3528 561 3612 legionum
585 3529 657 3609 ipse
682 3534 741 3592 aut
757 3545 816 3608 per
831 3525 935 3591 filium
951 3527 986 3590 in
1002 3525 1197 3591 Armeniam
1214 3524 1273 3588 du·

136 3645 203 3696 cere
217 3639 393 3716 utrumque
418 3633 621 3714 neglexerat.
652 3630 749 3713 Cyrri
774 3632 908 3696 demum
933 3630 1021 3711 apud
1050 3629 1194 3694 hiberna
1218 3627 1273 3690 de·

133 3749 240 3802 cumae
256 3737 397 3819 legionis
413 3754 612 3816 convenere,
637 3735 768 3800 firmato
789 3735 889 3816 vultu,
915 3734 993 3799 Piso
1019 3734 1180 3797 adversus
1205 3749 1274 3795 me·
1299 3749 1317 3800 5

134 3840 204 3919 tum,
218 3839 445 3922 Germanicus
468 3860 511 3907 ne
537 3841 658 3904 minari
674 3841 885 3919 crederetur;
917 3845 949 3902 et
980 3841 1063 3911 erat,
1086 3843 1123 3898 ut
1151 3833 1273 3912 rettuli,

134 3938 325 4011 clementior.
358 3945 424 4012 Sed
446 3945 547 4009 amici
563 3944 790 4010 accendendis
815 3940 1056 4007 offensionibus
1082 3936 1194 4000 callidi
1219 3937 1272 4001 in-

135 4047 261 4114 tendere
276 4067 365 4127 vera,
381 4049 542 4129 adgerere
557 4044 644 4112 salsa
668 4047 841 4129 ipsumque
865 4051 897 4108 et
922 4042 1119 4106 Plancinam
1137 4045 1170 4102 et
1186 4039 1271 4103 lilios
