3010 4430
490 243 531 288 us
547 238 690 290 excussu
705 239 846 287 uvuuusrr
856 219 882 285 l.
897 221 992 286 6-8.
1294 223 1315 288 9

163 417 294 482 curiam
320 415 555 482 comitabatur.
583 414 728 480 Litteras
746 413 788 478 ad
813 413 980 477 exercitus
1005 418 1177 494 tamquam
1194 412 1314 493 adepto
1347 433 1349 436 ·

162 521 356 604 principatu
370 520 469 599 misit,
483 513 929 601 nusquarneunctabundus¹
953 516 1019 582 nisi
1035 529 1111 581 cum
1137 516 1172 580 in
1196 522 1316 581 senatu

162 626 364 710 loqueretur.
393 641 498 690 causa
512 623 696 705 praecipua
712 641 753 688 ex
770 621 959 700 formidine,
974 639 1018 687 ne
1037 608 1273 701 Germanicus,
1282 622 1316 684 in

150 733 257 798 ‘cuius
276 749 379 796 manu
394 734 444 794 tot
465 729 622 810 legiones,
652 729 818 793 immensa
843 727 1013 794 sociorum
1044 726 1180 805 auxilia,
1211 727 1359 796 mirusto

164 835 253 916 apud
267 834 426 916 populum
437 833 541 910 lavor,
550 832 677 898 habere
688 832 863 914 imperium
873 849 974 913 qnam
984 837 1181 912 exspectare
1192 829 1315 896 mallet.

163 939 273 1006 Dabm
289 939 459 1020 etiamne,
475 945 512 1003 ut
526 945 668 1006 vocatus
684 939 881 1021 electusque
897 938 1008 1019 potius
1024 956 1045 1002 a
1061 956 1098 1002 re
1114 937 1248 1019 publica
1263 939 1311 1000 vi-

165 1046 301 1110 deretur
319 1063 421 1127 quam
438 1061 497 1126 per
507 1045 662 1110 uxorium
673 1043 836 1108 ambitum
846 1048 881 1108 et
895 1043 992 1109 senili
1007 1042 1189 1124 adoptione
1205 1042 1315 1123 inrep-

162 1151 257 1214 sisse.
292 1148 416 1215 Postea
432 1149 601 1230 cognitum
621 1153 671 1212 est
695 1147 739 1212 ad
762 1145 1045 1228 introspiciendas
1069 1146 1172 1212 etiarn
1199 1165 1314 1228 proce-

162 1272 237 1319 rum
252 1253 445 1318 voluntates
457 1252 634 1318 inductam
650 1251 911 1317 dubitationem:
936 1269 1015 1316 nam
1034 1249 1139 1315 verba
1154 1250 1265 1314 vultus
1280 1249 1357 1318 ine5

163 1358 291 1422 crimen
310 1357 513 1439 detorquens
529 1355 744 1422 recondebat.

271 1461 298 1526 8.
315 1459 405 1526 Nihil
430 1461 538 1542 primo
555 1466 693 1525 senatus
708 1460 762 1526 die
777 1461 830 1542 agi
845 1478 965 1542 passus
995 1461 1060 1524 nisi
1084 1460 1126 1525 de
1150 1460 1314 1541 supremis

162 1565 314 1647 Augusti,
331 1566 681 1654 ouiustestamentum
696 1564 838 1630 inlatum
855 1582 914 1645 per
929 1551 1074 1646 virgines
1084 1564 1207 1630 Vestae
1216 1563 1314 1630 Tibe

162 1669 250 1734 rium
266 1674 301 1734 et
319 1669 447 1734 Liviam
462 1667 604 1734 heredes
620 1667 747 1734 habuit.
772 1667 867 1733 Livia
882 1669 917 1733 in
936 1667 1097 1733 familiam
1122 1668 1239 1734 Iuliam
1255 1688 1315 1736 no-

162 1790 305 1857 menque
324 1772 510 1856 Augustum
524 1772 783 1851 adsumebatur;
809 1773 844 1864 in
862 1788 956 1852 spem
973 1772 1156 1838 secundam
1172 1775 1315 1856 nepotes

161 1883 440 1960 pronepotesque,
454 1876 554 1941 tertio
571 1875 677 1957 gradu
693 1877 857 1958 primores
873 1877 1021 1941 ciuitatis
1037 1878 1229 1959 scripserat,
1246 1878 1314 1960 ple·
1340 1895 1357 1948 5

163 1982 425 2065 rosqueiuvisos
440 1980 514 2056 sibi,
530 1981 589 2045 sed
599 1980 763 2046 iactantia
775 1981 946 2064 gloriaque
958 1980 1000 2045 ad
1010 1987 1173 2062 posteros.
1189 1983 1313 2063 Legata

164 2103 234 2151 non
250 2086 336 2152 ultra
351 2085 484 2152 civilem
499 2084 642 2162 modum,
668 2085 734 2150 nisi
748 2085 838 2168 quod
855 2085 978 2166 populo
995 2090 1029 2149 et
1044 2084 1133 2166 plebi
1158 2087 1315 2168 quadrin-

161 2190 315 2273 gentiens
330 2190 472 2255 triciens
487 2190 697 2272 quinquiens,
713 2179 964 2271 praetoriarum
989 2188 1178 2253 cohortium
1201 2188 1313 2255 militi-

162 2296 227 2360 bus
241 2294 372 2377 singula
396 2313 569 2359 nummum
591 2295 693 2373 milia,
717 2293 870 2361 urbanis
893 2294 1098 2379 quingenos,
1122 2293 1315 2376 legionariis

163 2405 222 2465 aut
238 2399 435 2464 cohortibus
451 2399 573 2464 civium
588 2399 820 2464 Romanorum
835 2405 993 2463 trecenos
1009 2403 1164 2464 nummos
1188 2400 1312 2464 viritim
1327 2415 1358 2468 ιο

162 2503 264 2568 dedit.
283 2501 368 2571 Tum
379 2502 606 2568 consultatum
617 2503 658 2568 de
668 2503 873 2582 honoribus3
890 2520 931 2567 ex
947 2503 1022 2585 quis
1036 2503 1098 2588 qui
1111 2504 1314 2569 maximein-

154 2608 273 2688 signes
289 2607 362 2689 visi,
377 2612 414 2671 ut
430 2611 531 2690 porta
552 2607 748 2689 triumphali
772 2608 952 2672 duceretur
976 2606 1085 2684 funus,
1109 2604 1224 2671 Gallus
1239 2607 1313 2672 Asi-

157 2712 246 2790 nius,
261 2715 299 2776 ut
313 2710 424 2794 legum
436 2710 580 2776 latarum
596 2711 692 2791 tituli,
716 2713 882 2776 victarum
907 2709 951 2776 ab
976 2728 1017 2776 eo
1042 2711 1189 2792 gentium
1213 2730 1313 2777 roca-

161 2814 242 2879 bula
257 2813 515 2894 anteferrentur,
528 2814 572 2893 ¹L.
589 2814 768 2880 Arruntius
784 2832 955 2880 censuere.
979 2814 1134 2880 Addebat
1158 2813 1313 2880 Messalla

161 2915 319 2983 Valerius
334 2918 566 2983 renovandum
581 2936 641 3000 per
657 2937 765 2984 annos
782 2921 1046 2998 sacramentum]
1058 2919 1093 2982 in
1109 2937 1233 2983 nomen
1258 2917 1312 2982 Ti·
1325 2936 1357 2988 15

159 3019 262 3100 berii;
279 3020 571 3104 interrogatusque
587 3040 619 3100 a,
629 3021 774 3102 Tiberio,
799 3040 879 3086 num
893 3039 929 3086 se
944 3021 1127 3086 mandante
1144 3039 1220 3085 eam
1235 3039 1311 3087 sen-

161 3123 305 3189 tentiam
316 3127 545 3207 prompsisset,
554 3131 675 3207 sponte
686 3126 812 3191 dixisse
819 3125 1002 3206 respondit,
1012 3143 1120 3207 neque
1131 3125 1166 3188 in
1175 3124 1216 3188 iis
1225 3144 1313 3209 quae

162 3228 205 3292 ad
222 3215 476 3311 rempublicam
493 3231 701 3313 pertinerent
717 3230 857 3297 consilio
869 3231 934 3295 nisi
945 3249 1006 3295 suo
1016 3248 1163 3311 usurum,
1172 3230 1225 3295 vel
1236 3249 1312 3296 curn

160 3331 309 3413 periculo
326 3332 537 3400 offensionis:
553 3353 594 3400 ea
610 3334 682 3401 sola
698 3335 828 3417 species
839 3334 1000 3400 adulandi
1021 3339 1207 3416 supererat.
1225 3333 1310 3400 Con·

160 3434 312 3502 clamant
326 3442 440 3518 patres
456 3457 578 3522 corpus
595 3439 637 3504 ad
653 3457 771 3521 rogum
786 3440 911 3504 umeris
922 3445 1116 3505 senatorum
1126 3437 1310 3504 ferendum.
1322 3455 1355 3507 eo

161 3539 302 3606 Remisit
311 3537 437 3607 Caesar
447 3543 624 3626 adroganti
634 3544 876 3624 moderatione,
887 3545 1110 3626 populumque
1121 3543 1231 3609 edicto
1242 3562 1311 3609 mo-

161 3646 236 3711 nuit
251 3663 303 3727 ne,
318 3654 356 3712 ut
372 3643 541 3732 quondam
557 3651 670 3715 nimiis
686 3649 804 3714 studiis
819 3648 920 3715 funus
935 3650 1010 3714 diri
1021 3647 1094 3714 Iulii
1109 3649 1311 3727 turbassent,

162 3749 210 3813 ita
226 3748 410 3833 Augustum
427 3752 461 3815 in
478 3751 551 3818 foro
568 3755 679 3834 potius
695 3772 796 3836 quam
811 3755 846 3818 in
863 3771 983 3835 campo
999 3751 1123 3833 Martis,
1148 3753 1227 3818 sede
1250 3751 1309 3816 de·

161 3853 298 3935 stinata,
314 3856 458 3920 cremari
474 3854 608 3921 vellent.
639 3855 698 3921 Die
715 3854 843 3921 funeris
869 3855 992 3922 milites
1017 3855 1108 3920 velut
1139 3855 1308 3936 praesidio

162 3962 295 4035 stetere,
310 3957 450 4024 multum
466 3958 690 4024 inridentibus
705 3959 762 4041 qui
777 3960 840 4040 ipsi
856 3959 1011 4023 viderant
1020 3958 1143 4040 quique
1159 3973 1310 4038 aparen-
1320 3972 1353 4024 es

156 4059 252 4125 tibus
268 4069 471 4142 acceperant
486 4062 574 4127 diem
591 4061 681 4126 illurn
698 4062 793 4127 crudi
809 4061 920 4126 adhuc
936 4061 1063 4126 servitii
1087 4067 1121 4124 et
1143 4059 1309 4126 libertatis
