906 1252
183 119 204 135 92
403 124 480 136 conum-11
486 124 540 136 'nei-n

183 168 245 183 cuncta
254 172 264 183 a
272 167 365 183 maioribus
380 169 447 187 reperta
457 168 486 183 aut
499 172 542 188 quae
555 168 617 187 posteri
626 167 722 183 invenerint
730 171 763 183 cu—

183 193 256 209 mulata:
265 194 282 209 at
290 192 392 209 Germanico
400 198 421 209 ue
430 193 490 209 solitos
498 193 565 214 quidem
574 195 590 209 et
599 193 698 213 cuicumque
706 193 762 209 nobili

183 219 250 235 debitos
262 219 335 236 honores
348 220 442 240 contigisse.
455 219 500 236 Sane
513 224 574 239 corpus
586 219 608 236 ob
620 220 762 240 longinquitatem

162 249 178 262 10
183 245 261 261 itinerum
270 246 344 262 externis
353 246 402 262 terris
410 250 478 266 quoquo
490 246 540 262 modo
553 247 654 261 crematum:
670 245 699 262 sed
711 247 762 261 tanto

184 271 233 291 plura
241 271 304 288 decora
311 277 351 288 mox
359 272 410 288 tribui
418 277 449 292 par
458 271 514 291 fnisse,
527 273 590 292 quanto
603 272 657 291 prima
665 271 699 288 fors
708 276 761 291 nega-

183 298 238 313 visset.
250 297 288 313 Nou
296 297 370 317 fratrem,
378 298 411 313 nisi
420 298 469 313 unius
478 298 511 314 diei
518 298 551 317 via,
564 302 599 314 non
608 299 686 318 patruum
699 297 761 313 saltem

183 325 232 343 porta
240 325 289 339 tenus
298 323 369 339 obvium.
381 323 413 340 Ubi
425 324 455 339 illa
467 325 543 340 veterum
559 324 641 343 instituta,
656 323 762 344 propositam

183 351 220 365 toro
229 349 304 369 effigiem,
313 349 394 365 meditata
402 350 423 365 ad
432 350 532 366 memoriam
540 350 607 365 virtutis
616 350 691 365 carmina
699 351 716 365 et
725 349 761 365 lau-

161 379 177 393 15
184 375 266 394 dationes,
274 377 291 391 et
298 375 377 391 lacrimas
385 376 411 391 vel
420 376 484 391 doloris
492 375 611 391 imitamenta?

214 402 228 417 ss.
240 401 314 417 Gnarum
323 401 339 417 id
347 401 415 417 Tiberio
424 401 464 417 fuit:
480 403 530 422 utque
544 402 627 421 premeret
640 401 684 421 vulgi
696 405 761 417 sermo-

183 432 217 447 nes,
230 427 295 443 monuit
303 427 358 443 edicto
371 428 432 443 multos
445 428 541 443 inlustrium
557 427 671 443 Romanorum
686 427 708 443 nb
724 431 760 443 rem

183 453 266 473 publicam
275 453 336 473 obisse,
343 454 428 469 neminem
436 455 472 469 tam
481 453 558 474 flagranti
564 453 646 469 desiderio
651 453 761 469 celebratum.

184 479 235 499 quue
244 481 261 495 et
269 479 301 495 sibi
309 481 325 495 ct
334 479 399 495 cunctis
408 479 498 499 egregium,
510 479 524 495 si
534 479 594 495 modus
607 479 706 496 adiceretur.
722 479 761 495 Non

170 505 228 522 senim
237 505 296 521 eadem
306 505 368 521 decora
380 505 485 525 principibus
497 505 538 521 viris
551 507 567 521 et
580 505 678 525 imperatori
693 505 761 525 populo,

183 536 226 551 quae
234 531 305 547 modicis
313 531 390 547 domibus
399 533 428 547 aut
436 531 537 547 civitatibus.
550 531 653 547 Convenisse
658 531 722 547 recenti
730 531 761 547 do-

183 557 215 573 lori
223 557 286 573 luctum
295 558 311 573 et
320 562 340 573 ex
349 562 426 573 maerore
434 557 508 577 solacia;
523 557 552 573 sed
562 557 668 573 referendum
676 557 709 573 iam
723 557 760 573 ani-

183 587 228 599 mum
237 583 258 599 ad
267 583 389 602 firmitudinem,
402 585 420 599 ut
429 584 514 604 quondam
523 583 571 599 divus
579 583 630 599 Iulius
638 583 701 599 amissa
708 583 761 599 unica

184 608 222 628 filia,
230 610 248 625 ut
256 609 304 625 divus
312 609 396 629 Augustus
404 609 467 629 ereptis
479 609 569 629 nepotibus
581 609 693 625 abstruserint
709 609 761 625 tristi-

163 635 228 651 mtiam.
240 634 316 655 Nilopus
323 635 443 651 vetustioribus
452 635 539 655 exemplis,
551 635 629 656 quotiens
641 635 712 655 populus
725 635 760 651 Ro-

183 665 244 676 manus
252 660 308 676 clades
317 661 425 680 exercituum,
433 661 520 677 interitum
529 661 594 681 ducum,
604 661 678 677 funditus
688 661 761 677 amissas

184 686 249 702 nobiles
262 686 334 702 familias
347 688 445 703 constanter
455 687 515 703 tulerit.
527 687 614 707 Principes
627 687 711 707 mortales,
724 692 761 703 rern

184 711 269 731 publicam
277 714 364 728 aeternam
373 717 414 729 esse.
425 713 477 729 Proin
486 715 582 733 repeterent
590 713 683 733 sollemnia,
696 714 712 729 et
720 713 761 733 quia

183 738 260 754 Iudurum
269 738 375 759 Megalesium
386 740 501 759 spectaculum
514 739 588 759 suberat,
601 739 651 755 etium
664 739 761 759 voluptates

162 768 178 781 15
183 766 291 780 resumerent.

214 790 227 806 7.
240 790 281 806 Tum
290 792 340 806 exuto
348 791 411 806 iustitio
424 791 496 807 reditum
510 791 531 807 ad
544 791 606 810 munia,
618 793 635 807 et
647 791 710 807 Drusus
722 791 761 811 Illy-

183 816 228 832 ricos
237 816 257 832 ad
266 816 350 832 exercitus
364 816 449 837 profectus
458 819 488 836 est,
496 817 557 833 erectis
570 817 644 833 omnium
657 817 718 833 animis
730 822 762 837 spe

184 842 266 862 petendae
275 847 284 858 e
292 842 353 859 Pisone
361 843 430 859 ultionis
439 845 456 859 et
465 843 525 859 crebro
533 844 599 863 questu,
611 843 657 864 quod
669 848 722 863 vagus
735 843 761 859 in—

183 868 231 884 terim
241 873 270 887 per
279 873 351 885 amoena
359 869 410 885 Asiae
418 871 470 890 atque
478 869 552 885 Achaiae
563 869 651 889 adroganti
664 871 680 885 et
688 869 761 885 subdola

169 899 231 911 5mora
240 895 321 911 scelerum
330 896 439 915 probationes
447 896 557 912 subverteret.
569 895 611 912 Nam
624 896 709 916 vulgatum
724 897 761 911 erat

183 920 256 940 missam,
271 922 289 937 ut
301 921 340 941 dixi,
353 926 363 937 a
375 922 403 938 Cn.
412 922 471 938 Sentio
482 922 564 938 famosam
576 921 661 938 veneficiis
669 921 761 937 Martinam

183 946 238 962 subita
247 948 301 963 morte
309 947 393 963 Brundisii
402 948 499 967 extinctam,
511 952 628 968 venenumque
636 948 680 963 nodo
688 948 761 963 crinium

182 972 218 988 eius
233 973 340 992 occultatum,
355 978 386 989 nec
402 973 436 989 ulla
451 974 469 989 in
486 978 557 993 corpore
573 974 622 994 signa
637 974 700 993 sumpti
713 974 762 989 exitii

182 1000 253 1018 reperta.

234 1024 248 1040 8.
262 1024 283 1040 At
296 1024 335 1040 Piso
344 1025 437 1045 praemisso
447 1025 464 1041 in
472 1025 531 1042 urbem
540 1025 573 1041 filio
583 1026 660 1046 datisque
670 1026 761 1047 mandatis,

183 1054 212 1069 per
220 1055 263 1070 quae
274 1050 366 1070 principem
375 1051 452 1070 molliret,
465 1051 486 1067 ad
495 1051 566 1067 Drusum
580 1052 637 1072 pergit,
652 1056 701 1072 quem
715 1052 762 1068 haud

186 1075 243 1091 fratris
251 1076 321 1091 interitu
330 1078 394 1092 trucem
402 1081 452 1097 quam
462 1079 527 1093 remoto
540 1078 606 1093 aemulo
619 1078 715 1098 aequiorem
728 1078 761 1094 sibi
