<?xml version="1.0" encoding="UTF-8"?>
<!DOCTYPE html PUBLIC "-//W3C//DTD XHTML 1.0 Transitional//EN"
    "http://www.w3.org/TR/xhtml1/DTD/xhtml1-transitional.dtd">
<html xmlns="http://www.w3.org/1999/xhtml" xml:lang="en" lang="en">
 <head>
  <title>
</title>
<meta http-equiv="Content-Type" content="text/html;charset=utf-8" />
  <meta name='ocr-system' content='tesseract 3.04.00' />
  <meta name='ocr-capabilities' content='ocr_page ocr_carea ocr_par ocr_line ocrx_word'/>
</head>
<body>
  <div class='ocr_page' id='page_1' title='image "annalen00koesgoog_0098.png"; bbox 0 0 3010 4430; ppageno 0'>
   <div class='ocr_carea' id='block_1_1' title="bbox 453 199 1285 271">
    <p class='ocr_par' dir='ltr' id='par_1_1' title="bbox 453 199 1285 271">
     <span class='ocr_line' id='line_1_1' title="bbox 453 199 1285 271; baseline -0.002 -3"><span class='ocrx_word' id='word_1_1' title='bbox 453 223 495 268; x_wconf 78' lang='lat' dir='ltr'>aa</span> <span class='ocrx_word' id='word_1_2' title='bbox 511 222 652 271; x_wconf 83' lang='lat' dir='ltr'>rxcnssu</span> <span class='ocrx_word' id='word_1_3' title='bbox 668 222 807 270; x_wconf 78' lang='lat' dir='ltr'>nuuusrr</span> <span class='ocrx_word' id='word_1_4' title='bbox 822 201 859 268; x_wconf 91' lang='lat' dir='ltr'>ll.</span> <span class='ocrx_word' id='word_1_5' title='bbox 874 201 1011 268; x_wconf 80' lang='lat'><strong>82-87.</strong></span> <span class='ocrx_word' id='word_1_6' title='bbox 1240 199 1285 266; x_wconf 82' lang='lat'>85</span> 
     </span>
    </p>
   </div>
   <div class='ocr_carea' id='block_1_2' title="bbox 123 381 1394 4114">
    <p class='ocr_par' dir='ltr' id='par_1_2' title="bbox 130 381 1328 994">
     <span class='ocr_line' id='line_1_2' title="bbox 131 381 1284 476; baseline 0.001 -21"><span class='ocrx_word' id='word_1_7' title='bbox 131 381 247 456; x_wconf 85' lang='lat' dir='ltr'>rarum</span> <span class='ocrx_word' id='word_1_8' title='bbox 264 392 456 476; x_wconf 90' lang='lat' dir='ltr'>laetumque</span> <span class='ocrx_word' id='word_1_9' title='bbox 472 395 575 459; x_wconf 91' lang='lat' dir='ltr'>etiam</span> <span class='ocrx_word' id='word_1_10' title='bbox 590 393 733 459; x_wconf 89' lang='lat' dir='ltr'>modicis</span> <span class='ocrx_word' id='word_1_11' title='bbox 755 392 935 475; x_wconf 89' lang='lat' dir='ltr'>penatibus</span> <span class='ocrx_word' id='word_1_12' title='bbox 945 397 1042 457; x_wconf 91' lang='lat' dir='ltr'>tanto</span> <span class='ocrx_word' id='word_1_13' title='bbox 1053 392 1174 473; x_wconf 87' lang='lat' dir='ltr'>gaudio</span> <span class='ocrx_word' id='word_1_14' title='bbox 1189 392 1284 474; x_wconf 81' lang='lat' dir='ltr'>prin-</span> 
     </span>
     <span class='ocr_line' id='line_1_3' title="bbox 131 493 1282 579; baseline 0.003 -23"><span class='ocrx_word' id='word_1_15' title='bbox 131 493 240 574; x_wconf 87' lang='lat' dir='ltr'>cipem</span> <span class='ocrx_word' id='word_1_16' title='bbox 258 495 390 574; x_wconf 81' lang='lat' dir='ltr'>adfecit,</span> <span class='ocrx_word' id='word_1_17' title='bbox 406 503 443 560; x_wconf 89' lang='lat' dir='ltr'>ut</span> <span class='ocrx_word' id='word_1_18' title='bbox 458 515 527 561; x_wconf 90' lang='lat' dir='ltr'>non</span> <span class='ocrx_word' id='word_1_19' title='bbox 542 498 782 578; x_wconf 78' lang='lat' dir='ltr'>temperaverit</span> <span class='ocrx_word' id='word_1_20' title='bbox 798 497 878 579; x_wconf 92' lang='lat' dir='ltr'>quin</span> <span class='ocrx_word' id='word_1_21' title='bbox 894 497 1038 564; x_wconf 88' lang='lat' dir='ltr'>iactaret</span> <span class='ocrx_word' id='word_1_22' title='bbox 1054 494 1143 575; x_wconf 92' lang='lat' dir='ltr'>apud</span> <span class='ocrx_word' id='word_1_23' title='bbox 1159 500 1282 577; x_wconf 90' lang='lat' dir='ltr'>patres,</span> 
     </span>
     <span class='ocr_line' id='line_1_4' title="bbox 131 599 1328 682; baseline 0.007 -21"><span class='ocrx_word' id='word_1_24' title='bbox 131 599 217 663; x_wconf 92' lang='lat' dir='ltr'>nulli</span> <span class='ocrx_word' id='word_1_25' title='bbox 232 605 311 664; x_wconf 90' lang='lat' dir='ltr'>ante</span> <span class='ocrx_word' id='word_1_26' title='bbox 328 600 557 667; x_wconf 85' lang='lat' dir='ltr'>Romanorum</span> <span class='ocrx_word' id='word_1_27' title='bbox 574 600 725 666; x_wconf 91' lang='lat' dir='ltr'>eiusdem</span> <span class='ocrx_word' id='word_1_28' title='bbox 741 599 865 682; x_wconf 82' lang='lat' dir='ltr'>fastigii</span> <span class='ocrx_word' id='word_1_29' title='bbox 875 601 948 664; x_wconf 91' lang='lat' dir='ltr'>viro</span> <span class='ocrx_word' id='word_1_30' title='bbox 960 600 1128 681; x_wconf 90' lang='lat' dir='ltr'>geminam</span> <span class='ocrx_word' id='word_1_31' title='bbox 1143 600 1282 680; x_wconf 81' lang='lat' dir='ltr'>stirpem</span> <span class='ocrx_word' id='word_1_32' title='bbox 1308 616 1328 669; x_wconf 80' lang='lat'>5</span> 
     </span>
     <span class='ocr_line' id='line_1_5' title="bbox 131 701 1283 786; baseline 0.003 -21"><span class='ocrx_word' id='word_1_33' title='bbox 131 701 276 767; x_wconf 88' lang='lat' dir='ltr'>editam:</span> <span class='ocrx_word' id='word_1_34' title='bbox 299 722 378 768; x_wconf 90' lang='lat' dir='ltr'>nam</span> <span class='ocrx_word' id='word_1_35' title='bbox 394 710 525 785; x_wconf 89' lang='lat' dir='ltr'>cuncta,</span> <span class='ocrx_word' id='word_1_36' title='bbox 540 707 643 770; x_wconf 92' lang='lat' dir='ltr'>etiam</span> <span class='ocrx_word' id='word_1_37' title='bbox 660 704 809 785; x_wconf 86' lang='lat' dir='ltr'>fortuita,</span> <span class='ocrx_word' id='word_1_38' title='bbox 825 705 868 769; x_wconf 91' lang='lat' dir='ltr'>ad</span> <span class='ocrx_word' id='word_1_39' title='bbox 885 704 1026 786; x_wconf 91' lang='lat' dir='ltr'>gloriam</span> <span class='ocrx_word' id='word_1_40' title='bbox 1036 703 1200 768; x_wconf 89' lang='lat' dir='ltr'>vertebat.</span> <span class='ocrx_word' id='word_1_41' title='bbox 1217 702 1283 770; x_wconf 87' lang='lat' dir='ltr'>Sed</span> 
     </span>
     <span class='ocr_line' id='line_1_6' title="bbox 130 807 1282 893; baseline 0.001 -23"><span class='ocrx_word' id='word_1_42' title='bbox 130 807 257 887; x_wconf 88' lang='lat' dir='ltr'>populo</span> <span class='ocrx_word' id='word_1_43' title='bbox 276 807 337 872; x_wconf 89' lang='lat' dir='ltr'>tali</span> <span class='ocrx_word' id='word_1_44' title='bbox 361 809 574 892; x_wconf 87' lang='lat' dir='ltr'>intempore</span> <span class='ocrx_word' id='word_1_45' title='bbox 599 809 634 874; x_wconf 94' lang='lat' dir='ltr'>id</span> <span class='ocrx_word' id='word_1_46' title='bbox 659 827 794 893; x_wconf 92' lang='lat' dir='ltr'>quoque</span> <span class='ocrx_word' id='word_1_47' title='bbox 819 808 970 874; x_wconf 90' lang='lat' dir='ltr'>dolorem</span> <span class='ocrx_word' id='word_1_48' title='bbox 993 808 1080 884; x_wconf 89' lang='lat' dir='ltr'>tulit,</span> <span class='ocrx_word' id='word_1_49' title='bbox 1110 814 1282 890; x_wconf 83' lang='lat' dir='ltr'><strong>tamquam</strong></span> 
     </span>
     <span class='ocr_line' id='line_1_7' title="bbox 133 911 1191 994; baseline 0.001 -19"><span class='ocrx_word' id='word_1_50' title='bbox 133 917 254 976; x_wconf 87' lang='lat' dir='ltr'>auctus</span> <span class='ocrx_word' id='word_1_51' title='bbox 269 911 384 978; x_wconf 88' lang='lat' dir='ltr'>liberis</span> <span class='ocrx_word' id='word_1_52' title='bbox 399 913 526 979; x_wconf 87' lang='lat' dir='ltr'>Drusus</span> <span class='ocrx_word' id='word_1_53' title='bbox 543 915 678 980; x_wconf 91' lang='lat' dir='ltr'>domum</span> <span class='ocrx_word' id='word_1_54' title='bbox 694 911 888 979; x_wconf 91' lang='lat' dir='ltr'>Germanici</span> <span class='ocrx_word' id='word_1_55' title='bbox 903 914 1010 994; x_wconf 88' lang='lat' dir='ltr'>magis</span> <span class='ocrx_word' id='word_1_56' title='bbox 1026 918 1191 994; x_wconf 88' lang='lat' dir='ltr'>urgueret.</span> 
     </span>
    </p>

    <p class='ocr_par' dir='ltr' id='par_1_3' title="bbox 123 1013 1327 2743">
     <span class='ocr_line' id='line_1_8' title="bbox 237 1013 1281 1100; baseline -0.002 -20"><span class='ocrx_word' id='word_1_57' title='bbox 237 1014 287 1083; x_wconf 81' lang='lat'>85.</span> <span class='ocrx_word' id='word_1_58' title='bbox 310 1016 434 1081; x_wconf 79' lang='lat' dir='ltr'>Eodem</span> <span class='ocrx_word' id='word_1_59' title='bbox 450 1035 540 1083; x_wconf 89' lang='lat' dir='ltr'>anno</span> <span class='ocrx_word' id='word_1_60' title='bbox 557 1016 716 1100; x_wconf 88' lang='lat' dir='ltr'>gravibus</span> <span class='ocrx_word' id='word_1_61' title='bbox 732 1022 870 1081; x_wconf 89' lang='lat' dir='ltr'>senatus</span> <span class='ocrx_word' id='word_1_62' title='bbox 886 1016 1032 1082; x_wconf 84' lang='lat' dir='ltr'>decretis</span> <span class='ocrx_word' id='word_1_63' title='bbox 1057 1014 1160 1081; x_wconf 92' lang='lat' dir='ltr'>libido</span> <span class='ocrx_word' id='word_1_64' title='bbox 1185 1013 1281 1079; x_wconf 91' lang='lat' dir='ltr'>femi·</span> 
     </span>
     <span class='ocr_line' id='line_1_9' title="bbox 129 1119 1283 1204; baseline -0.001 -21"><span class='ocrx_word' id='word_1_65' title='bbox 129 1137 253 1184; x_wconf 90' lang='lat' dir='ltr'>narum</span> <span class='ocrx_word' id='word_1_66' title='bbox 268 1119 417 1186; x_wconf 80' lang='lat' dir='ltr'>coercita</span> <span class='ocrx_word' id='word_1_67' title='bbox 432 1127 643 1204; x_wconf 82' lang='lat' dir='ltr'>cautumque,</span> <span class='ocrx_word' id='word_1_68' title='bbox 666 1139 709 1185; x_wconf 91' lang='lat' dir='ltr'>ne</span> <span class='ocrx_word' id='word_1_69' title='bbox 725 1127 902 1204; x_wconf 92' lang='lat' dir='ltr'>quaestum</span> <span class='ocrx_word' id='word_1_70' title='bbox 919 1139 1061 1202; x_wconf 91' lang='lat' dir='ltr'>corpore</span> <span class='ocrx_word' id='word_1_71' title='bbox 1085 1119 1212 1186; x_wconf 89' lang='lat' dir='ltr'>taceret</span> <span class='ocrx_word' id='word_1_72' title='bbox 1228 1119 1283 1183; x_wconf 90' lang='lat' dir='ltr'>cui</span> 
     </span>
     <span class='ocr_line' id='line_1_10' title="bbox 131 1207 1283 1306; baseline 0.001 -20"><span class='ocrx_word' id='word_1_73' title='bbox 131 1240 217 1286; x_wconf 87' lang='lat' dir='ltr'>avus</span> <span class='ocrx_word' id='word_1_74' title='bbox 233 1228 291 1287; x_wconf 90' lang='lat' dir='ltr'>aut</span> <span class='ocrx_word' id='word_1_75' title='bbox 306 1207 403 1304; x_wconf 84' lang='lat' dir='ltr'>pater</span> <span class='ocrx_word' id='word_1_76' title='bbox 419 1230 478 1288; x_wconf 90' lang='lat' dir='ltr'>aut</span> <span class='ocrx_word' id='word_1_77' title='bbox 493 1225 634 1288; x_wconf 86' lang='lat' dir='ltr'>maritus</span> <span class='ocrx_word' id='word_1_78' title='bbox 660 1242 763 1306; x_wconf 88' lang='lat' dir='ltr'>eques</span> <span class='ocrx_word' id='word_1_79' title='bbox 788 1224 961 1290; x_wconf 86' lang='lat' dir='ltr'>Romanus</span> <span class='ocrx_word' id='word_1_80' title='bbox 977 1223 1102 1290; x_wconf 87' lang='lat' dir='ltr'>fuisset.</span> <span class='ocrx_word' id='word_1_81' title='bbox 1121 1221 1208 1288; x_wconf 89' lang='lat' dir='ltr'>Nam</span> <span class='ocrx_word' id='word_1_82' title='bbox 1223 1221 1283 1288; x_wconf 89' lang='lat' dir='ltr'>Vi-</span> 
     </span>
     <span class='ocr_line' id='line_1_11' title="bbox 129 1325 1281 1411; baseline 0 -21"><span class='ocrx_word' id='word_1_83' title='bbox 129 1326 222 1392; x_wconf 88' lang='lat' dir='ltr'>stilia</span> <span class='ocrx_word' id='word_1_84' title='bbox 237 1328 406 1407; x_wconf 89' lang='lat' dir='ltr'>praetoria</span> <span class='ocrx_word' id='word_1_85' title='bbox 432 1325 560 1392; x_wconf 84' lang='lat' dir='ltr'>familia</span> <span class='ocrx_word' id='word_1_86' title='bbox 584 1329 697 1410; x_wconf 87' lang='lat' dir='ltr'>genita</span> <span class='ocrx_word' id='word_1_87' title='bbox 721 1328 893 1393; x_wconf 92' lang='lat' dir='ltr'>licentiam</span> <span class='ocrx_word' id='word_1_88' title='bbox 911 1329 1018 1410; x_wconf 88' lang='lat' dir='ltr'>stupri</span> <span class='ocrx_word' id='word_1_89' title='bbox 1042 1328 1131 1411; x_wconf 89' lang='lat' dir='ltr'>apud</span> <span class='ocrx_word' id='word_1_90' title='bbox 1156 1327 1281 1392; x_wconf 87' lang='lat' dir='ltr'>aediles</span> 
     </span>
     <span class='ocr_line' id='line_1_12' title="bbox 129 1430 1327 1517; baseline 0.005 -23"><span class='ocrx_word' id='word_1_91' title='bbox 129 1430 336 1512; x_wconf 80' lang='lat' dir='ltr'>vulgaverat,</span> <span class='ocrx_word' id='word_1_92' title='bbox 367 1450 462 1497; x_wconf 90' lang='lat' dir='ltr'>more</span> <span class='ocrx_word' id='word_1_93' title='bbox 486 1433 574 1497; x_wconf 89' lang='lat' dir='ltr'>inter</span> <span class='ocrx_word' id='word_1_94' title='bbox 598 1438 731 1497; x_wconf 88' lang='lat' dir='ltr'>veteres</span> <span class='ocrx_word' id='word_1_95' title='bbox 748 1441 893 1514; x_wconf 92' lang='lat' dir='ltr'>recepto,</span> <span class='ocrx_word' id='word_1_96' title='bbox 923 1435 980 1517; x_wconf 92' lang='lat' dir='ltr'>qui</span> <span class='ocrx_word' id='word_1_97' title='bbox 997 1435 1079 1498; x_wconf 91' lang='lat' dir='ltr'>satis</span> <span class='ocrx_word' id='word_1_98' title='bbox 1096 1450 1281 1515; x_wconf 91' lang='lat' dir='ltr'>poenarum</span> <span class='ocrx_word' id='word_1_99' title='bbox 1309 1448 1327 1500; x_wconf 79' lang='lat'><strong>5</strong></span> 
     </span>
     <span class='ocr_line' id='line_1_13' title="bbox 131 1525 1317 1621; baseline 0 -21"><span class='ocrx_word' id='word_1_100' title='bbox 131 1534 310 1600; x_wconf 87' lang='lat' dir='ltr'>adversum</span> <span class='ocrx_word' id='word_1_101' title='bbox 335 1536 511 1617; x_wconf 91' lang='lat' dir='ltr'>inpudicas</span> <span class='ocrx_word' id='word_1_102' title='bbox 541 1538 577 1601; x_wconf 92' lang='lat' dir='ltr'>in</span> <span class='ocrx_word' id='word_1_103' title='bbox 608 1538 682 1617; x_wconf 90' lang='lat' dir='ltr'>ipsa</span> <span class='ocrx_word' id='word_1_104' title='bbox 706 1536 917 1618; x_wconf 86' lang='lat' dir='ltr'>professione</span> <span class='ocrx_word' id='word_1_105' title='bbox 941 1539 1058 1621; x_wconf 90' lang='lat' dir='ltr'>flagitii</span> <span class='ocrx_word' id='word_1_106' title='bbox 1088 1536 1282 1603; x_wconf 88' lang='lat' dir='ltr'>credebant.</span> <span class='ocrx_word' id='word_1_107' title='bbox 1313 1525 1317 1535; x_wconf 77' lang='grc'><em>“</em></span> 
     </span>
     <span class='ocr_line' id='line_1_14' title="bbox 129 1639 1281 1723; baseline -0.001 -18"><span class='ocrx_word' id='word_1_108' title='bbox 129 1639 295 1706; x_wconf 86' lang='lat' dir='ltr'>Exactum</span> <span class='ocrx_word' id='word_1_109' title='bbox 310 1647 344 1707; x_wconf 93' lang='lat' dir='ltr'>et</span> <span class='ocrx_word' id='word_1_110' title='bbox 359 1661 381 1706; x_wconf 92' lang='lat' dir='ltr'>a</span> <span class='ocrx_word' id='word_1_111' title='bbox 396 1641 520 1706; x_wconf 85' lang='lat' dir='ltr'>Titidio</span> <span class='ocrx_word' id='word_1_112' title='bbox 537 1641 705 1722; x_wconf 81' lang='lat' dir='ltr'>Labeone,</span> <span class='ocrx_word' id='word_1_113' title='bbox 721 1642 874 1708; x_wconf 86' lang='lat' dir='ltr'>Vistiliae</span> <span class='ocrx_word' id='word_1_114' title='bbox 891 1645 1023 1723; x_wconf 89' lang='lat' dir='ltr'>marito,</span> <span class='ocrx_word' id='word_1_115' title='bbox 1049 1661 1109 1708; x_wconf 91' lang='lat' dir='ltr'>cur</span> <span class='ocrx_word' id='word_1_116' title='bbox 1124 1643 1159 1707; x_wconf 95' lang='lat' dir='ltr'>in</span> <span class='ocrx_word' id='word_1_117' title='bbox 1174 1660 1281 1707; x_wconf 89' lang='lat' dir='ltr'>uxore</span> 
     </span>
     <span class='ocr_line' id='line_1_15' title="bbox 130 1744 1284 1830; baseline 0.002 -22"><span class='ocrx_word' id='word_1_118' title='bbox 130 1744 246 1810; x_wconf 89' lang='lat' dir='ltr'>delicti</span> <span class='ocrx_word' id='word_1_119' title='bbox 262 1744 443 1812; x_wconf 86' lang='lat' dir='ltr'>manifesta</span> <span class='ocrx_word' id='word_1_120' title='bbox 467 1745 630 1812; x_wconf 90' lang='lat' dir='ltr'>ultionem</span> <span class='ocrx_word' id='word_1_121' title='bbox 655 1745 737 1827; x_wconf 87' lang='lat' dir='ltr'>legis</span> <span class='ocrx_word' id='word_1_122' title='bbox 767 1748 945 1812; x_wconf 88' lang='lat' dir='ltr'>omisisset.</span> <span class='ocrx_word' id='word_1_123' title='bbox 968 1747 1079 1830; x_wconf 87' lang='lat' dir='ltr'>Atque</span> <span class='ocrx_word' id='word_1_124' title='bbox 1103 1746 1159 1811; x_wconf 94' lang='lat' dir='ltr'>illo</span> <span class='ocrx_word' id='word_1_125' title='bbox 1184 1763 1284 1828; x_wconf 90' lang='lat' dir='ltr'>prae·</span> 
     </span>
     <span class='ocr_line' id='line_1_16' title="bbox 130 1848 1282 1933; baseline 0.001 -20"><span class='ocrx_word' id='word_1_126' title='bbox 130 1848 293 1914; x_wconf 88' lang='lat' dir='ltr'>tendente</span> <span class='ocrx_word' id='word_1_127' title='bbox 309 1855 484 1933; x_wconf 86' lang='lat' dir='ltr'>sexaginta</span> <span class='ocrx_word' id='word_1_128' title='bbox 495 1851 566 1917; x_wconf 91' lang='lat' dir='ltr'>dies</span> <span class='ocrx_word' id='word_1_129' title='bbox 577 1851 620 1915; x_wconf 91' lang='lat' dir='ltr'>ad</span> <span class='ocrx_word' id='word_1_130' title='bbox 636 1851 895 1916; x_wconf 89' lang='lat' dir='ltr'>consultandum</span> <span class='ocrx_word' id='word_1_131' title='bbox 911 1853 1010 1916; x_wconf 91' lang='lat' dir='ltr'>datos</span> <span class='ocrx_word' id='word_1_132' title='bbox 1025 1851 1170 1916; x_wconf 91' lang='lat' dir='ltr'>necdum</span> <span class='ocrx_word' id='word_1_133' title='bbox 1186 1868 1282 1930; x_wconf 88' lang='lat' dir='ltr'>prae·</span> 
     </span>
     <span class='ocr_line' id='line_1_17' title="bbox 129 1947 1327 2037; baseline 0.004 -21"><span class='ocrx_word' id='word_1_134' title='bbox 129 1953 262 2032; x_wconf 87' lang='lat' dir='ltr'>terisse,</span> <span class='ocrx_word' id='word_1_135' title='bbox 285 1955 368 2018; x_wconf 91' lang='lat' dir='ltr'>satis</span> <span class='ocrx_word' id='word_1_136' title='bbox 386 1956 495 2018; x_wconf 90' lang='lat' dir='ltr'>visum</span> <span class='ocrx_word' id='word_1_137' title='bbox 511 1955 553 2019; x_wconf 92' lang='lat' dir='ltr'>de</span> <span class='ocrx_word' id='word_1_138' title='bbox 576 1954 711 2020; x_wconf 90' lang='lat' dir='ltr'>Vistilia</span> <span class='ocrx_word' id='word_1_139' title='bbox 735 1947 903 2034; x_wconf 73' lang='lat' dir='ltr'>statuere,</span> <span class='ocrx_word' id='word_1_140' title='bbox 933 1972 1040 2037; x_wconf 91' lang='lat' dir='ltr'>eaque</span> <span class='ocrx_word' id='word_1_141' title='bbox 1070 1954 1105 2018; x_wconf 90' lang='lat' dir='ltr'>in</span> <span class='ocrx_word' id='word_1_142' title='bbox 1136 1951 1281 2017; x_wconf 90' lang='lat' dir='ltr'>insulam</span> <span class='ocrx_word' id='word_1_143' title='bbox 1292 1967 1327 2021; x_wconf 93' lang='lat'>10</span> 
     </span>
     <span class='ocr_line' id='line_1_18' title="bbox 128 2045 1281 2142; baseline -0.003 -20"><span class='ocrx_word' id='word_1_144' title='bbox 128 2045 299 2137; x_wconf 83' lang='lat' dir='ltr'>Seriphon</span> <span class='ocrx_word' id='word_1_145' title='bbox 315 2057 430 2122; x_wconf 90' lang='lat' dir='ltr'>abdita</span> <span class='ocrx_word' id='word_1_146' title='bbox 447 2064 506 2124; x_wconf 90' lang='lat' dir='ltr'>est.</span> <span class='ocrx_word' id='word_1_147' title='bbox 530 2057 651 2123; x_wconf 92' lang='lat' dir='ltr'>Actum</span> <span class='ocrx_word' id='word_1_148' title='bbox 668 2065 702 2123; x_wconf 89' lang='lat' dir='ltr'>et</span> <span class='ocrx_word' id='word_1_149' title='bbox 726 2059 768 2124; x_wconf 93' lang='lat' dir='ltr'>de</span> <span class='ocrx_word' id='word_1_150' title='bbox 792 2060 900 2123; x_wconf 87' lang='lat' dir='ltr'>sacris</span> <span class='ocrx_word' id='word_1_151' title='bbox 925 2057 1096 2142; x_wconf 78' lang='lat' dir='ltr'>Aegyptiis</span> <span class='ocrx_word' id='word_1_152' title='bbox 1120 2056 1281 2122; x_wconf 88' lang='lat' dir='ltr'>Iudaicis·</span> 
     </span>
     <span class='ocr_line' id='line_1_19' title="bbox 127 2160 1282 2246; baseline 0 -22"><span class='ocrx_word' id='word_1_153' title='bbox 127 2179 194 2242; x_wconf 89' lang='lat' dir='ltr'>que</span> <span class='ocrx_word' id='word_1_154' title='bbox 226 2160 388 2241; x_wconf 89' lang='lat' dir='ltr'>pellendis</span> <span class='ocrx_word' id='word_1_155' title='bbox 419 2161 612 2246; x_wconf 87' lang='lat' dir='ltr'>tactumque</span> <span class='ocrx_word' id='word_1_156' title='bbox 642 2169 777 2244; x_wconf 90' lang='lat' dir='ltr'>patrum</span> <span class='ocrx_word' id='word_1_157' title='bbox 808 2163 1007 2240; x_wconf 91' lang='lat' dir='ltr'>consultum,</span> <span class='ocrx_word' id='word_1_158' title='bbox 1039 2169 1083 2226; x_wconf 91' lang='lat' dir='ltr'>ut</span> <span class='ocrx_word' id='word_1_159' title='bbox 1122 2166 1282 2244; x_wconf 89' lang='lat' dir='ltr'>quattuor</span> 
     </span>
     <span class='ocr_line' id='line_1_20' title="bbox 123 2259 1282 2349; baseline 0.004 -24"><span class='ocrx_word' id='word_1_160' title='bbox 123 2259 222 2327; x_wconf 88' lang='lat' dir='ltr'>milia</span> <span class='ocrx_word' id='word_1_161' title='bbox 246 2263 394 2329; x_wconf 93' lang='lat' dir='ltr'>libertini</span> <span class='ocrx_word' id='word_1_162' title='bbox 410 2267 541 2345; x_wconf 87' lang='lat' dir='ltr'>generis</span> <span class='ocrx_word' id='word_1_163' title='bbox 566 2284 607 2331; x_wconf 93' lang='lat' dir='ltr'>ea</span> <span class='ocrx_word' id='word_1_164' title='bbox 632 2267 874 2347; x_wconf 88' lang='lat' dir='ltr'>superstitione</span> <span class='ocrx_word' id='word_1_165' title='bbox 896 2266 1030 2344; x_wconf 87' lang='lat' dir='ltr'>infecta,</span> <span class='ocrx_word' id='word_1_166' title='bbox 1061 2267 1135 2349; x_wconf 91' lang='lat' dir='ltr'>quis</span> <span class='ocrx_word' id='word_1_167' title='bbox 1159 2266 1282 2331; x_wconf 89' lang='lat' dir='ltr'>idonea</span> 
     </span>
     <span class='ocr_line' id='line_1_21' title="bbox 128 2368 1282 2452; baseline 0.002 -21"><span class='ocrx_word' id='word_1_168' title='bbox 128 2373 237 2446; x_wconf 88' lang='lat' dir='ltr'>aetas,</span> <span class='ocrx_word' id='word_1_169' title='bbox 253 2368 288 2430; x_wconf 94' lang='lat' dir='ltr'>in</span> <span class='ocrx_word' id='word_1_170' title='bbox 304 2369 448 2433; x_wconf 91' lang='lat' dir='ltr'>insulam</span> <span class='ocrx_word' id='word_1_171' title='bbox 466 2368 658 2436; x_wconf 89' lang='lat' dir='ltr'>Sardiniam</span> <span class='ocrx_word' id='word_1_172' title='bbox 674 2371 889 2452; x_wconf 85' lang='lat' dir='ltr'>veherentur,</span> <span class='ocrx_word' id='word_1_173' title='bbox 906 2371 1102 2436; x_wconf 75' lang='lat' dir='ltr'>coercendis</span> <span class='ocrx_word' id='word_1_174' title='bbox 1127 2369 1197 2434; x_wconf 92' lang='lat' dir='ltr'>illic</span> <span class='ocrx_word' id='word_1_175' title='bbox 1219 2368 1282 2434; x_wconf 91' lang='lat' dir='ltr'>lat-</span> 
     </span>
     <span class='ocr_line' id='line_1_22' title="bbox 125 2470 1325 2555; baseline 0.007 -22"><span class='ocrx_word' id='word_1_176' title='bbox 125 2470 267 2535; x_wconf 89' lang='lat' dir='ltr'>rociniis</span> <span class='ocrx_word' id='word_1_177' title='bbox 284 2476 326 2552; x_wconf 94' lang='lat' dir='ltr'>et,</span> <span class='ocrx_word' id='word_1_178' title='bbox 351 2473 380 2536; x_wconf 92' lang='lat' dir='ltr'>si</span> <span class='ocrx_word' id='word_1_179' title='bbox 396 2472 440 2537; x_wconf 96' lang='lat' dir='ltr'>ob</span> <span class='ocrx_word' id='word_1_180' title='bbox 455 2473 655 2554; x_wconf 89' lang='lat' dir='ltr'>gravitatem</span> <span class='ocrx_word' id='word_1_181' title='bbox 672 2474 758 2539; x_wconf 91' lang='lat' dir='ltr'>caeli</span> <span class='ocrx_word' id='word_1_182' title='bbox 783 2475 986 2555; x_wconf 87' lang='lat' dir='ltr'>interissent,</span> <span class='ocrx_word' id='word_1_183' title='bbox 1010 2475 1075 2538; x_wconf 92' lang='lat' dir='ltr'>vile</span> <span class='ocrx_word' id='word_1_184' title='bbox 1100 2474 1259 2539; x_wconf 90' lang='lat' dir='ltr'>damnum</span> <span class='ocrx_word' id='word_1_185' title='bbox 1271 2496 1279 2550; x_wconf 90' lang='lat'>;</span> <span class='ocrx_word' id='word_1_186' title='bbox 1292 2489 1325 2541; x_wconf 76' lang='lat' dir='ltr'>la</span> 
     </span>
     <span class='ocr_line' id='line_1_23' title="bbox 126 2561 1281 2659; baseline 0.003 -21"><span class='ocrx_word' id='word_1_187' title='bbox 126 2576 234 2639; x_wconf 89' lang='lat' dir='ltr'>ceteri</span> <span class='ocrx_word' id='word_1_188' title='bbox 260 2561 419 2641; x_wconf 85' lang='lat' dir='ltr'>cederent</span> <span class='ocrx_word' id='word_1_189' title='bbox 444 2577 549 2658; x_wconf 89' lang='lat' dir='ltr'>Italia,</span> <span class='ocrx_word' id='word_1_190' title='bbox 580 2577 645 2641; x_wconf 87' lang='lat' dir='ltr'>nisi</span> <span class='ocrx_word' id='word_1_191' title='bbox 670 2584 797 2643; x_wconf 88' lang='lat' dir='ltr'>certam</span> <span class='ocrx_word' id='word_1_192' title='bbox 822 2580 1004 2644; x_wconf 89' lang='lat' dir='ltr'>antediem</span> <span class='ocrx_word' id='word_1_193' title='bbox 1020 2577 1181 2659; x_wconf 82' lang='lat' dir='ltr'>profanos</span> <span class='ocrx_word' id='word_1_194' title='bbox 1197 2580 1281 2643; x_wconf 87' lang='lat' dir='ltr'>ritus</span> 
     </span>
     <span class='ocr_line' id='line_1_24' title="bbox 127 2678 368 2743; baseline -0.004 -1"><span class='ocrx_word' id='word_1_195' title='bbox 127 2678 312 2743; x_wconf 88' lang='lat' dir='ltr'>exuissent.</span> <span class='ocrx_word' id='word_1_196' title='bbox 365 2718 368 2729; x_wconf 70' lang='lat'><em>›</em></span> 
     </span>
    </p>

    <p class='ocr_par' dir='ltr' id='par_1_4' title="bbox 126 2781 1394 3594">
     <span class='ocr_line' id='line_1_25' title="bbox 233 2781 1394 2866; baseline 0 -20"><span class='ocrx_word' id='word_1_197' title='bbox 233 2781 284 2847; x_wconf 89' lang='grc'>86.</span> <span class='ocrx_word' id='word_1_198' title='bbox 307 2781 388 2847; x_wconf 88' lang='lat' dir='ltr'>Post</span> <span class='ocrx_word' id='word_1_199' title='bbox 403 2800 489 2865; x_wconf 90' lang='lat' dir='ltr'>quae</span> <span class='ocrx_word' id='word_1_200' title='bbox 500 2782 628 2848; x_wconf 88' lang='lat' dir='ltr'>rettulit</span> <span class='ocrx_word' id='word_1_201' title='bbox 644 2783 770 2849; x_wconf 88' lang='lat' dir='ltr'>Caesar</span> <span class='ocrx_word' id='word_1_202' title='bbox 787 2785 986 2866; x_wconf 87' lang='lat' dir='ltr'>capiendam</span> <span class='ocrx_word' id='word_1_203' title='bbox 1002 2785 1165 2865; x_wconf 90' lang='lat' dir='ltr'>virginem</span> <span class='ocrx_word' id='word_1_204' title='bbox 1180 2784 1215 2847; x_wconf 91' lang='lat' dir='ltr'>in</span> <span class='ocrx_word' id='word_1_205' title='bbox 1230 2783 1281 2847; x_wconf 94' lang='lat' dir='ltr'>lo-</span> <span class='ocrx_word' id='word_1_206' title='bbox 1388 2805 1394 2816; x_wconf 92' lang='lat'>·</span> 
     </span>
     <span class='ocr_line' id='line_1_26' title="bbox 128 2881 1283 2972; baseline 0.001 -23"><span class='ocrx_word' id='word_1_207' title='bbox 128 2903 207 2949; x_wconf 90' lang='lat' dir='ltr'>cum</span> <span class='ocrx_word' id='word_1_208' title='bbox 235 2881 367 2966; x_wconf 88' lang='lat' dir='ltr'>Occiae,</span> <span class='ocrx_word' id='word_1_209' title='bbox 390 2906 478 2970; x_wconf 89' lang='lat' dir='ltr'>quae</span> <span class='ocrx_word' id='word_1_210' title='bbox 495 2895 624 2969; x_wconf 92' lang='lat' dir='ltr'>septem</span> <span class='ocrx_word' id='word_1_211' title='bbox 641 2894 675 2953; x_wconf 92' lang='lat' dir='ltr'>et</span> <span class='ocrx_word' id='word_1_212' title='bbox 692 2889 935 2972; x_wconf 84' lang='lat' dir='ltr'>quinquaginta</span> <span class='ocrx_word' id='word_1_213' title='bbox 951 2908 1011 2972; x_wconf 88' lang='lat' dir='ltr'>per</span> <span class='ocrx_word' id='word_1_214' title='bbox 1027 2906 1135 2953; x_wconf 91' lang='lat' dir='ltr'>annos</span> <span class='ocrx_word' id='word_1_215' title='bbox 1151 2905 1283 2951; x_wconf 92' lang='lat' dir='ltr'>summa</span> 
     </span>
     <span class='ocr_line' id='line_1_27' title="bbox 127 2991 1281 3078; baseline 0.003 -22"><span class='ocrx_word' id='word_1_216' title='bbox 127 2991 356 3057; x_wconf 89' lang='lat' dir='ltr'>sanctimonia</span> <span class='ocrx_word' id='word_1_217' title='bbox 386 2993 579 3059; x_wconf 87' lang='lat' dir='ltr'>Vestalibus</span> <span class='ocrx_word' id='word_1_218' title='bbox 604 2997 710 3060; x_wconf 88' lang='lat' dir='ltr'>sacris</span> <span class='ocrx_word' id='word_1_219' title='bbox 742 2997 978 3077; x_wconf 82' lang='lat' dir='ltr'>praesederat3</span> <span class='ocrx_word' id='word_1_220' title='bbox 1009 2997 1139 3078; x_wconf 83' lang='lat' dir='ltr'>egitque</span> <span class='ocrx_word' id='word_1_221' title='bbox 1169 2999 1281 3076; x_wconf 84' lang='lat' dir='ltr'>grates</span> 
     </span>
     <span class='ocr_line' id='line_1_28' title="bbox 126 3095 1280 3182; baseline 0.003 -23"><span class='ocrx_word' id='word_1_222' title='bbox 126 3095 271 3160; x_wconf 87' lang='lat' dir='ltr'>Fonteio</span> <span class='ocrx_word' id='word_1_223' title='bbox 289 3095 455 3179; x_wconf 85' lang='lat' dir='ltr'>Agrippae</span> <span class='ocrx_word' id='word_1_224' title='bbox 474 3104 508 3164; x_wconf 91' lang='lat' dir='ltr'>et</span> <span class='ocrx_word' id='word_1_225' title='bbox 531 3098 676 3164; x_wconf 92' lang='lat' dir='ltr'>Domitio</span> <span class='ocrx_word' id='word_1_226' title='bbox 703 3100 856 3178; x_wconf 92' lang='lat' dir='ltr'>Pollioni,</span> <span class='ocrx_word' id='word_1_227' title='bbox 883 3100 973 3182; x_wconf 92' lang='lat' dir='ltr'>quod</span> <span class='ocrx_word' id='word_1_228' title='bbox 998 3097 1169 3164; x_wconf 86' lang='lat' dir='ltr'>otlerendc</span> <span class='ocrx_word' id='word_1_229' title='bbox 1195 3098 1280 3163; x_wconf 89' lang='lat' dir='ltr'>filias</span> 
     </span>
     <span class='ocr_line' id='line_1_29' title="bbox 126 3196 1326 3282; baseline 0.009 -20"><span class='ocrx_word' id='word_1_230' title='bbox 126 3198 170 3263; x_wconf 88' lang='lat' dir='ltr'>de</span> <span class='ocrx_word' id='word_1_231' title='bbox 188 3196 299 3264; x_wconf 89' lang='lat' dir='ltr'>officio</span> <span class='ocrx_word' id='word_1_232' title='bbox 315 3201 350 3263; x_wconf 95' lang='lat' dir='ltr'>in</span> <span class='ocrx_word' id='word_1_233' title='bbox 365 3219 437 3264; x_wconf 89' lang='lat' dir='ltr'>rem</span> <span class='ocrx_word' id='word_1_234' title='bbox 453 3200 622 3282; x_wconf 88' lang='lat' dir='ltr'>publicam</span> <span class='ocrx_word' id='word_1_235' title='bbox 648 3210 828 3269; x_wconf 87' lang='lat' dir='ltr'>certarent.</span> <span class='ocrx_word' id='word_1_236' title='bbox 860 3202 1020 3268; x_wconf 86' lang='lat' dir='ltr'>Praelata</span> <span class='ocrx_word' id='word_1_237' title='bbox 1044 3208 1096 3267; x_wconf 93' lang='lat' dir='ltr'>est</span> <span class='ocrx_word' id='word_1_238' title='bbox 1121 3202 1281 3268; x_wconf 91' lang='lat' dir='ltr'>Pollionis</span> <span class='ocrx_word' id='word_1_239' title='bbox 1307 3221 1326 3273; x_wconf 81' lang='lat'>5</span> 
     </span>
     <span class='ocr_line' id='line_1_30' title="bbox 127 3295 1282 3390; baseline 0.009 -27"><span class='ocrx_word' id='word_1_240' title='bbox 127 3300 205 3378; x_wconf 88' lang='lat' dir='ltr'>lilia,</span> <span class='ocrx_word' id='word_1_241' title='bbox 230 3320 298 3365; x_wconf 91' lang='lat' dir='ltr'>non</span> <span class='ocrx_word' id='word_1_242' title='bbox 316 3303 359 3368; x_wconf 94' lang='lat' dir='ltr'>ob</span> <span class='ocrx_word' id='word_1_243' title='bbox 375 3295 466 3368; x_wconf 84' lang='lat' dir='ltr'>aliud</span> <span class='ocrx_word' id='word_1_244' title='bbox 483 3323 584 3388; x_wconf 91' lang='lat' dir='ltr'>quam</span> <span class='ocrx_word' id='word_1_245' title='bbox 609 3307 699 3388; x_wconf 92' lang='lat' dir='ltr'>quod</span> <span class='ocrx_word' id='word_1_246' title='bbox 715 3312 825 3372; x_wconf 90' lang='lat' dir='ltr'>mater</span> <span class='ocrx_word' id='word_1_247' title='bbox 841 3307 913 3370; x_wconf 91' lang='lat' dir='ltr'>eius</span> <span class='ocrx_word' id='word_1_248' title='bbox 932 3305 1101 3371; x_wconf 87' lang='lat' dir='ltr'>incudem</span> <span class='ocrx_word' id='word_1_249' title='bbox 1127 3309 1282 3390; x_wconf 91' lang='lat' dir='ltr'>coniugio</span> 
     </span>
     <span class='ocr_line' id='line_1_31' title="bbox 126 3404 1283 3490; baseline 0.009 -22"><span class='ocrx_word' id='word_1_250' title='bbox 126 3404 308 3486; x_wconf 88' lang='lat' dir='ltr'>manebat;</span> <span class='ocrx_word' id='word_1_251' title='bbox 324 3426 404 3473; x_wconf 90' lang='lat' dir='ltr'>nam</span> <span class='ocrx_word' id='word_1_252' title='bbox 420 3408 567 3490; x_wconf 89' lang='lat' dir='ltr'>Agrippa</span> <span class='ocrx_word' id='word_1_253' title='bbox 584 3411 725 3476; x_wconf 89' lang='lat' dir='ltr'>discidio</span> <span class='ocrx_word' id='word_1_254' title='bbox 741 3411 878 3476; x_wconf 91' lang='lat' dir='ltr'>domum</span> <span class='ocrx_word' id='word_1_255' title='bbox 894 3412 1119 3477; x_wconf 89' lang='lat' dir='ltr'>imminuerat.</span> <span class='ocrx_word' id='word_1_256' title='bbox 1143 3412 1184 3476; x_wconf 86' lang='lat' dir='ltr'>Et</span> <span class='ocrx_word' id='word_1_257' title='bbox 1199 3411 1283 3478; x_wconf 88' lang='lat' dir='ltr'>Cae-</span> 
     </span>
     <span class='ocr_line' id='line_1_32' title="bbox 127 3511 1230 3594; baseline 0.005 -22"><span class='ocrx_word' id='word_1_258' title='bbox 127 3527 186 3573; x_wconf 87' lang='lat' dir='ltr'>sar</span> <span class='ocrx_word' id='word_1_259' title='bbox 200 3511 356 3592; x_wconf 89' lang='lat' dir='ltr'>quamvis</span> <span class='ocrx_word' id='word_1_260' title='bbox 370 3512 600 3594; x_wconf 90' lang='lat' dir='ltr'>posthabitam</span> <span class='ocrx_word' id='word_1_261' title='bbox 617 3514 753 3580; x_wconf 89' lang='lat' dir='ltr'>deciens</span> <span class='ocrx_word' id='word_1_262' title='bbox 769 3515 916 3580; x_wconf 90' lang='lat' dir='ltr'>sestertii</span> <span class='ocrx_word' id='word_1_263' title='bbox 932 3514 1011 3580; x_wconf 90' lang='lat' dir='ltr'>dote</span> <span class='ocrx_word' id='word_1_264' title='bbox 1027 3515 1156 3580; x_wconf 89' lang='lat' dir='ltr'>solatus</span> <span class='ocrx_word' id='word_1_265' title='bbox 1173 3523 1230 3580; x_wconf 91' lang='lat' dir='ltr'>est.</span> 
     </span>
    </p>

    <p class='ocr_par' dir='ltr' id='par_1_5' title="bbox 127 3612 1324 4114">
     <span class='ocr_line' id='line_1_33' title="bbox 234 3612 1282 3699; baseline 0.004 -22"><span class='ocrx_word' id='word_1_266' title='bbox 234 3612 285 3678; x_wconf 90' lang='lat'>87.</span> <span class='ocrx_word' id='word_1_267' title='bbox 308 3613 493 3682; x_wconf 88' lang='lat' dir='ltr'>Saevitiam</span> <span class='ocrx_word' id='word_1_268' title='bbox 511 3636 668 3683; x_wconf 89' lang='lat' dir='ltr'>annonae</span> <span class='ocrx_word' id='word_1_269' title='bbox 683 3619 860 3684; x_wconf 89' lang='lat' dir='ltr'>incusante</span> <span class='ocrx_word' id='word_1_270' title='bbox 877 3618 975 3699; x_wconf 91' lang='lat' dir='ltr'>plebe</span> <span class='ocrx_word' id='word_1_271' title='bbox 986 3619 1102 3684; x_wconf 89' lang='lat' dir='ltr'>statuit</span> <span class='ocrx_word' id='word_1_272' title='bbox 1112 3618 1282 3682; x_wconf 86' lang='lat' dir='ltr'>frumento</span> 
     </span>
     <span class='ocr_line' id='line_1_34' title="bbox 128 3717 1281 3804; baseline 0.002 -24"><span class='ocrx_word' id='word_1_273' title='bbox 128 3717 284 3798; x_wconf 89' lang='lat' dir='ltr'>pretium,</span> <span class='ocrx_word' id='word_1_274' title='bbox 300 3721 390 3801; x_wconf 90' lang='lat' dir='ltr'>quod</span> <span class='ocrx_word' id='word_1_275' title='bbox 407 3724 538 3800; x_wconf 86' lang='lat' dir='ltr'>emptor</span> <span class='ocrx_word' id='word_1_276' title='bbox 554 3722 725 3802; x_wconf 86' lang='lat' dir='ltr'>penderet,</span> <span class='ocrx_word' id='word_1_277' title='bbox 755 3721 921 3804; x_wconf 89' lang='lat' dir='ltr'>binosque</span> <span class='ocrx_word' id='word_1_278' title='bbox 945 3740 1099 3785; x_wconf 90' lang='lat' dir='ltr'>nummos</span> <span class='ocrx_word' id='word_1_279' title='bbox 1123 3739 1160 3784; x_wconf 92' lang='lat' dir='ltr'>se</span> <span class='ocrx_word' id='word_1_280' title='bbox 1184 3720 1281 3784; x_wconf 91' lang='lat' dir='ltr'>addi-</span> 
     </span>
     <span class='ocr_line' id='line_1_35' title="bbox 127 3822 1283 3907; baseline 0.003 -23"><span class='ocrx_word' id='word_1_281' title='bbox 127 3828 242 3885; x_wconf 91' lang='lat' dir='ltr'>turum</span> <span class='ocrx_word' id='word_1_282' title='bbox 258 3823 524 3904; x_wconf 89' lang='lat' dir='ltr'>negotiatoribus</span> <span class='ocrx_word' id='word_1_283' title='bbox 540 3826 575 3888; x_wconf 92' lang='lat' dir='ltr'>in</span> <span class='ocrx_word' id='word_1_284' title='bbox 591 3824 740 3906; x_wconf 88' lang='lat' dir='ltr'>singulos</span> <span class='ocrx_word' id='word_1_285' title='bbox 755 3826 896 3890; x_wconf 88' lang='lat' dir='ltr'>modios.</span> <span class='ocrx_word' id='word_1_286' title='bbox 920 3825 1034 3907; x_wconf 92' lang='lat' dir='ltr'>Neque</span> <span class='ocrx_word' id='word_1_287' title='bbox 1050 3829 1164 3888; x_wconf 91' lang='lat' dir='ltr'>tamen</span> <span class='ocrx_word' id='word_1_288' title='bbox 1181 3822 1223 3888; x_wconf 92' lang='lat' dir='ltr'>ob</span> <span class='ocrx_word' id='word_1_289' title='bbox 1241 3841 1283 3888; x_wconf 86' lang='lat' dir='ltr'>ea</span> 
     </span>
     <span class='ocr_line' id='line_1_36' title="bbox 127 3925 1281 4006; baseline 0 -16"><span class='ocrx_word' id='word_1_290' title='bbox 127 3925 280 4006; x_wconf 86' lang='lat' dir='ltr'>parentis</span> <span class='ocrx_word' id='word_1_291' title='bbox 296 3926 428 4005; x_wconf 89' lang='lat' dir='ltr'>patriae</span> <span class='ocrx_word' id='word_1_292' title='bbox 443 3927 591 4006; x_wconf 89' lang='lat' dir='ltr'>delatum</span> <span class='ocrx_word' id='word_1_293' title='bbox 609 3933 643 3992; x_wconf 90' lang='lat' dir='ltr'>et</span> <span class='ocrx_word' id='word_1_294' title='bbox 659 3934 761 3994; x_wconf 89' lang='lat' dir='ltr'>antea</span> <span class='ocrx_word' id='word_1_295' title='bbox 771 3926 971 3992; x_wconf 89' lang='lat' dir='ltr'>vocabulum</span> <span class='ocrx_word' id='word_1_296' title='bbox 983 3925 1178 4006; x_wconf 89' lang='lat' dir='ltr'>adsumpsit,</span> <span class='ocrx_word' id='word_1_297' title='bbox 1188 3945 1281 3992; x_wconf 92' lang='lat' dir='ltr'>acer-</span> 
     </span>
     <span class='ocr_line' id='line_1_37' title="bbox 127 4027 1324 4114; baseline 0.002 -22"><span class='ocrx_word' id='word_1_298' title='bbox 127 4027 240 4110; x_wconf 91' lang='lat' dir='ltr'>beque</span> <span class='ocrx_word' id='word_1_299' title='bbox 255 4027 424 4108; x_wconf 89' lang='lat' dir='ltr'>increpuit</span> <span class='ocrx_word' id='word_1_300' title='bbox 440 4048 507 4110; x_wconf 91' lang='lat' dir='ltr'>eos,</span> <span class='ocrx_word' id='word_1_301' title='bbox 532 4031 589 4114; x_wconf 90' lang='lat' dir='ltr'>qui</span> <span class='ocrx_word' id='word_1_302' title='bbox 605 4030 738 4096; x_wconf 90' lang='lat' dir='ltr'>divinas</span> <span class='ocrx_word' id='word_1_303' title='bbox 754 4029 994 4109; x_wconf 89' lang='lat' dir='ltr'>occupationes</span> <span class='ocrx_word' id='word_1_304' title='bbox 1018 4028 1193 4111; x_wconf 91' lang='lat' dir='ltr'>ipsumque</span> <span class='ocrx_word' id='word_1_305' title='bbox 1218 4030 1279 4094; x_wconf 93' lang='lat' dir='ltr'>do·</span> <span class='ocrx_word' id='word_1_306' title='bbox 1306 4050 1324 4100; x_wconf 88' lang='lat'><strong>5</strong></span> 
     </span>
    </p>
   </div>
   <div class='ocr_carea' id='block_1_3' title="bbox 0 0 1510 4430">
    <p class='ocr_par' dir='ltr' id='par_1_6' title="bbox 0 0 1510 4430">
     <span class='ocr_line' id='line_1_38' title="bbox 0 0 1510 4430; baseline 0 0"><span class='ocrx_word' id='word_1_307' title='bbox 0 0 1510 4430; x_wconf 95' lang='lat' dir='ltr'> </span> 
     </span>
    </p>
   </div>
  </div>
 </body>
</html>
