3010 4430
481 257 522 312 ue
539 257 679 304 excessu
695 255 834 304 Aucusm
849 236 885 301 ll.
904 235 1039 302 10-14.
1269 235 1311 302 53

266 429 315 495 13.
339 428 444 494 Nocte
460 434 581 514 coepta
597 447 751 511 egressus
767 427 920 510 augurali
936 445 995 508 per
1012 428 1147 492 occulta
1157 432 1191 492 et
1201 426 1309 508 vigili-

157 533 221 598 bus
237 535 365 615 ignara,
380 533 502 598 comite
519 551 596 612 uno,
627 537 802 598 contectus
827 550 962 596 umeros
978 529 1087 596 ferina
1111 529 1208 611 pelle,
1240 528 1310 594 adit

157 643 348 702 castrorum
377 639 459 716 vias,
490 635 620 700 adsistit
651 635 880 701 tabernaculis
910 634 1096 717 fruiturque
1127 633 1219 698 lama
1250 633 1310 709 sui,

161 759 237 804 cum
269 739 324 804 hic
356 739 567 804 nobilitatem
598 739 703 819 ducis
732 740 890 804 decorem
913 739 1007 819 alius,
1032 739 1165 820 plurimi
1182 737 1311 819 patien-

160 846 252 924 tiam,
283 845 486 924 eomitatem,
516 862 577 924 per
603 845 692 909 seria
718 862 778 924 per
802 845 895 908 iocos
912 843 1054 908 eundem
1070 843 1221 908 animum
1236 840 1310 906 lau·
1338 857 1354 909 5

161 947 258 1012 dibus
275 947 402 1012 ferrent
417 947 689 1032 reddendamque
706 948 848 1030 gratiam
875 949 910 1011 in
938 949 1011 1012 acie
1041 947 1237 1027 faterentur,
1268 949 1314 1011 si·

160 1053 230 1116 mul
246 1051 391 1132 perfidos
407 1057 439 1116 et
457 1058 612 1133 ruptores
629 1053 723 1132 pacis
748 1052 868 1116 ultioni
893 1059 926 1116 et
951 1052 1078 1132 gloriae
1102 1052 1311 1118 mactandos.

158 1157 251 1222 luter
285 1174 373 1238 quae
403 1175 489 1220 unus
535 1156 692 1235 hostium,
730 1155 871 1221 Latinae
910 1156 1044 1237 linguae
1083 1157 1204 1236 sciens,
1235 1163 1311 1221 acto

161 1259 207 1324 ad
232 1259 355 1324 vallum
381 1279 466 1343 equo
482 1278 566 1324 voce
585 1278 706 1342 magna
731 1260 890 1342 coniuges
916 1265 949 1324 et
974 1278 1073 1341 agros
1098 1266 1131 1325 et
1156 1261 1314 1341 stipendii

161 1363 293 1442 indies,
319 1364 427 1428 donec
442 1362 634 1444 bellaretur,
659 1365 833 1428 sestertios
848 1369 1018 1442 conteneo,
1049 1364 1077 1426 si
1101 1364 1176 1446 quis
1201 1368 1311 1427 trans·
1326 1380 1357 1431 10

165 1467 309 1548 fugisset,
334 1466 474 1530 Arminii
500 1469 636 1531 nomine
659 1467 844 1548 pollicetur.
878 1467 1024 1532 lntendit
1049 1486 1090 1532 ea
1109 1466 1314 1532 contumelia

166 1570 331 1652 legionum
361 1570 451 1635 iras:
487 1572 618 1636 veniret
649 1571 730 1651 dies,
768 1572 907 1637 daretur
937 1589 1064 1652 pugna;
1103 1577 1313 1651 sumpturum

162 1675 305 1740 militem
336 1673 580 1740 Germanorum
604 1694 711 1758 argos,
742 1681 929 1742 tracturum
955 1677 1131 1758 coniuges3
1163 1677 1316 1756 accipere

162 1797 264 1844 omen
279 1786 313 1845 et
329 1781 545 1846 matrimonia
562 1799 602 1844 ac
628 1780 789 1861 pecunias
805 1781 952 1845 hostium
969 1781 1115 1862 praedae
1134 1781 1314 1845 destinare.

162 1884 279 1948 Tertia
295 1883 399 1948 ferme
414 1885 528 1966 vigilia
545 1885 751 1950 adsultatum
768 1890 819 1950 est
837 1886 960 1950 castris
985 1886 1058 1950 sine
1075 1887 1230 1950 coniectu
1246 1883 1316 1961 teli,
1326 1898 1360 1952 15

161 1995 343 2072 postquam
367 1989 505 2054 crebras
531 2009 592 2071 pro
618 1991 835 2054 munimentis
860 1990 1017 2054 cohortes
1042 1996 1075 2054 et
1099 1989 1182 2052 nihil
1198 1988 1315 2053 remis-

163 2111 239 2158 sum
259 2113 403 2160 sensere.

273 2199 320 2263 14.
343 2198 417 2264 Nox
434 2199 552 2264 eadem
569 2199 693 2263 laetam
710 2195 912 2262 Germanico
938 2198 1083 2280 quietem
1109 2197 1194 2274 tulit,
1217 2197 1315 2260 vidit-

163 2319 232 2384 que
248 2320 284 2366 se
300 2309 475 2382 operatum
503 2309 536 2366 et
551 2303 713 2384 sanguine
739 2302 827 2366 sacri
852 2320 1008 2383 respersa
1032 2307 1210 2385 praetexta
1241 2300 1315 2381 pul-

164 2405 333 2470 chriorem
350 2406 452 2470 aliam
476 2406 632 2470 manibus
656 2406 755 2470 aviae
779 2405 949 2486 Augustae
974 2406 1154 2486 accepisse.
1186 2405 1314 2469 Auetus

165 2509 287 2588 omine,
303 2508 537 2574 addicentibus
561 2509 730 2590 auspiciis,
754 2515 855 2575 vocat
882 2511 1074 2574 contionem
1090 2515 1123 2575 et
1148 2527 1235 2592 quae
1261 2526 1316 2572 sa·

165 2613 294 2694 pientia
332 2613 487 2694 praevisa
519 2619 664 2695 aptaque
695 2614 871 2678 inminenti
902 2631 1033 2695 pugnae
1062 2614 1206 2678 disserit.
1240 2609 1315 2674 Non
1343 2628 1360 2677 5

166 2734 304 2796 campos
320 2716 419 2780 modo
436 2717 533 2780 militi
556 2717 710 2782 Romano
727 2717 769 2782 ad
786 2717 949 2798 proelium
966 2717 1083 2796 bonos
1107 2716 1167 2780 sed
1184 2717 1212 2779 si
1228 2716 1315 2778 ratio

165 2820 265 2897 adsit,
282 2819 384 2885 silvas
400 2826 433 2885 et
449 2820 572 2900 saltus;
597 2840 659 2886 nec
684 2822 773 2886 enim
789 2824 943 2886 inmensa
960 2821 1184 2885 barbarorum
1209 2825 1315 2892 scuta,

166 2924 314 2988 enormis
339 2923 457 2989 hastas
481 2926 569 2990 inter
601 2931 739 2990 truncos
764 2923 924 2990 arborum
949 2931 982 2989 et
1006 2930 1109 2990 enata
1128 2923 1315 2995 humovir-

165 3027 260 3109 gulta
276 3026 414 3108 perinde
429 3028 549 3094 haberi
566 3048 665 3110 quam
687 3029 755 3110 pila
771 3034 805 3094 et
829 3029 957 3110 gladios
982 3035 1015 3093 et
1041 3027 1217 3092 haerentia
1241 3045 1317 3090 cor-

169 3132 246 3210 pori
264 3131 419 3213 tegmina.
443 3131 629 3197 Denserent
648 3134 743 3211 ictus
768 3151 830 3197 ora
853 3131 1071 3197 mucronibus
1095 3135 1362 3214 quaererent:to

167 3253 239 3299 non
254 3234 393 3299 loricam
409 3233 588 3312 Germane,
620 3255 689 3301 non
715 3237 856 3317 galeam,
886 3255 929 3300 ne
954 3241 1050 3322 scuta
1066 3235 1202 3319 quidem
1228 3233 1319 3298 ferro

167 3357 316 3403 nervove
331 3336 473 3418 firmata,
490 3341 548 3404 sed
564 3341 727 3405 viminum
740 3346 853 3405 textus
869 3339 922 3404 vel
938 3339 1049 3404 tenuis
1065 3344 1099 3404 et
1115 3337 1247 3405 fucatas
1263 3356 1318 3402 co-

166 3442 241 3508 lore
271 3443 422 3523 tabulas,
461 3444 605 3525 primam
635 3450 815 3526 utcumque
847 3444 955 3508 aciem
984 3443 1165 3522 hastatam,
1196 3441 1318 3507 ceteris

167 3555 330 3628 praeusta
346 3554 405 3612 aut
421 3548 540 3613 brevia
556 3547 631 3612 tela.
654 3548 725 3612 Iam
741 3566 864 3628 corpus
888 3553 925 3611 ut
950 3533 1024 3612 visu
1048 3554 1182 3612 torvum
1213 3551 1246 3609 ct
1275 3543 1318 3607 ad

166 3651 307 3716 brevem
323 3653 487 3733 impetum
501 3651 659 3730 validum,
676 3653 724 3716 sic
740 3651 832 3716 nulla
848 3651 1024 3716 vulnerum
1040 3649 1222 3731 patientia:
1247 3646 1362 3712 sine15

167 3755 298 3836 pudore
314 3754 439 3836 flagitii,
463 3755 536 3820 sine
561 3773 644 3820 cura
670 3756 793 3820 ducum
819 3755 923 3834 abire,
948 3754 1070 3836 lugere,
1095 3752 1236 3834 pavidos
1261 3749 1319 3813 ad-

167 3844 292 3938 versis*
303 3859 390 3924 inter
407 3859 557 3924 secunda
571 3878 640 3922 non
657 3859 771 3938 divini,
796 3878 863 3923 non
884 3859 1022 3922 humani
1039 3859 1121 3921 iuris
1145 3871 1320 3919 memores.

167 3962 206 4029 Si
222 3963 335 4028 taedio
352 3963 484 4028 viarum
511 3981 551 4028 ae
571 3963 675 4027 maris
697 3961 797 4026 finem
822 3964 969 4043 cupiant,
1000 3961 1065 4025 hac
1091 3959 1163 4024 acie
1188 3961 1321 4041 parari:

167 4066 363 4146 propiorem
390 4067 458 4132 iam
483 4065 594 4130 Albim
619 4085 720 4148 quam
745 4066 898 4130 Rhenum
931 4083 1039 4147 neque
1071 4063 1194 4129 bellum
1225 4063 1322 4139 ultra,
