<?xml version="1.0" encoding="UTF-8"?>
<!DOCTYPE html PUBLIC "-//W3C//DTD XHTML 1.0 Transitional//EN"
    "http://www.w3.org/TR/xhtml1/DTD/xhtml1-transitional.dtd">
<html xmlns="http://www.w3.org/1999/xhtml" xml:lang="en" lang="en">
 <head>
  <title>
</title>
<meta http-equiv="Content-Type" content="text/html;charset=utf-8" />
  <meta name='ocr-system' content='tesseract 3.04.00' />
  <meta name='ocr-capabilities' content='ocr_page ocr_carea ocr_par ocr_line ocrx_word'/>
</head>
<body>
  <div class='ocr_page' id='page_1' title='image "annalen00koesgoog_0044.png"; bbox 0 0 3010 4430; ppageno 0'>
   <div class='ocr_carea' id='block_1_1' title="bbox 471 247 1288 318">
    <p class='ocr_par' dir='ltr' id='par_1_1' title="bbox 471 247 1288 318">
     <span class='ocr_line' id='line_1_1' title="bbox 471 247 1288 318; baseline 0.001 -3"><span class='ocrx_word' id='word_1_1' title='bbox 471 270 513 316; x_wconf 77' lang='grc' dir='ltr'>ΑΒ</span> <span class='ocrx_word' id='word_1_2' title='bbox 528 269 670 318; x_wconf 71' lang='lat' dir='ltr'>excussu</span> <span class='ocrx_word' id='word_1_3' title='bbox 685 269 824 318; x_wconf 75' lang='lat' dir='ltr'>sucusrr</span> <span class='ocrx_word' id='word_1_4' title='bbox 840 251 862 318; x_wconf 90' lang='lat'>1.</span> <span class='ocrx_word' id='word_1_5' title='bbox 879 250 1016 316; x_wconf 77' lang='lat'><strong>51-55.</strong></span> <span class='ocrx_word' id='word_1_6' title='bbox 1248 247 1288 316; x_wconf 81' lang='lat'>31</span> 
     </span>
    </p>
   </div>
   <div class='ocr_carea' id='block_1_2' title="bbox 133 439 1395 4168">
    <p class='ocr_par' dir='ltr' id='par_1_2' title="bbox 133 439 1337 2085">
     <span class='ocr_line' id='line_1_2' title="bbox 136 439 1329 526; baseline -0.004 -18"><span class='ocrx_word' id='word_1_7' title='bbox 136 443 325 526; x_wconf 86' lang='lat' dir='ltr'>ginquitate</span> <span class='ocrx_word' id='word_1_8' title='bbox 342 441 432 506; x_wconf 83' lang='lat' dir='ltr'>exilii</span> <span class='ocrx_word' id='word_1_9' title='bbox 447 449 551 507; x_wconf 87' lang='lat' dir='ltr'>ratus.</span> <span class='ocrx_word' id='word_1_10' title='bbox 576 441 643 506; x_wconf 90' lang='lat' dir='ltr'>Par</span> <span class='ocrx_word' id='word_1_11' title='bbox 668 459 773 506; x_wconf 90' lang='lat' dir='ltr'>causa</span> <span class='ocrx_word' id='word_1_12' title='bbox 798 442 962 507; x_wconf 89' lang='lat' dir='ltr'>saevitiae</span> <span class='ocrx_word' id='word_1_13' title='bbox 992 443 1027 506; x_wconf 91' lang='lat' dir='ltr'>in</span> <span class='ocrx_word' id='word_1_14' title='bbox 1056 440 1291 521; x_wconf 84' lang='lat' dir='ltr'>Sempronium</span> <span class='ocrx_word' id='word_1_15' title='bbox 1326 439 1329 446; x_wconf 74' lang='grc'>’</span> 
     </span>
     <span class='ocr_line' id='line_1_3' title="bbox 133 544 1335 628; baseline -0.001 -14"><span class='ocrx_word' id='word_1_16' title='bbox 133 547 338 626; x_wconf 79' lang='lat' dir='ltr'><strong>Gracchum,</strong></span> <span class='ocrx_word' id='word_1_17' title='bbox 364 547 423 628; x_wconf 94' lang='lat' dir='ltr'>qui</span> <span class='ocrx_word' id='word_1_18' title='bbox 444 544 570 610; x_wconf 81' lang='lat' dir='ltr'>familia</span> <span class='ocrx_word' id='word_1_19' title='bbox 586 545 700 624; x_wconf 90' lang='lat' dir='ltr'>nobili,</span> <span class='ocrx_word' id='word_1_20' title='bbox 717 544 835 611; x_wconf 91' lang='lat' dir='ltr'>sollers</span> <span class='ocrx_word' id='word_1_21' title='bbox 853 547 987 626; x_wconf 90' lang='lat' dir='ltr'>ingenio</span> <span class='ocrx_word' id='word_1_22' title='bbox 1005 553 1038 611; x_wconf 91' lang='lat' dir='ltr'>et</span> <span class='ocrx_word' id='word_1_23' title='bbox 1053 563 1156 627; x_wconf 82' lang='lat' dir='ltr'>prave</span> <span class='ocrx_word' id='word_1_24' title='bbox 1173 544 1335 612; x_wconf 80' lang='lat' dir='ltr'>iacun-10</span> 
     </span>
     <span class='ocr_line' id='line_1_4' title="bbox 135 648 1291 732; baseline -0.004 -15"><span class='ocrx_word' id='word_1_25' title='bbox 135 653 208 732; x_wconf 87' lang='lat' dir='ltr'>dus,</span> <span class='ocrx_word' id='word_1_26' title='bbox 225 650 369 718; x_wconf 90' lang='lat' dir='ltr'>eandem</span> <span class='ocrx_word' id='word_1_27' title='bbox 384 648 500 715; x_wconf 92' lang='lat' dir='ltr'>luliam</span> <span class='ocrx_word' id='word_1_28' title='bbox 517 651 552 713; x_wconf 92' lang='lat' dir='ltr'>in</span> <span class='ocrx_word' id='word_1_29' title='bbox 577 650 794 715; x_wconf 88' lang='lat' dir='ltr'>matrimonio</span> <span class='ocrx_word' id='word_1_30' title='bbox 824 649 931 715; x_wconf 90' lang='lat' dir='ltr'>Marci</span> <span class='ocrx_word' id='word_1_31' title='bbox 955 649 1123 732; x_wconf 81' lang='lat' dir='ltr'>Agrippae</span> <span class='ocrx_word' id='word_1_32' title='bbox 1148 655 1291 713; x_wconf 50' lang='lat' dir='ltr'>temera-¹</span> 
     </span>
     <span class='ocr_line' id='line_1_5' title="bbox 135 753 1291 836; baseline -0.003 -16"><span class='ocrx_word' id='word_1_33' title='bbox 135 761 242 822; x_wconf 85' lang='lat' dir='ltr'>verat.</span> <span class='ocrx_word' id='word_1_34' title='bbox 265 755 335 821; x_wconf 91' lang='lat' dir='ltr'>Nec</span> <span class='ocrx_word' id='word_1_35' title='bbox 351 756 380 820; x_wconf 91' lang='lat' dir='ltr'>is</span> <span class='ocrx_word' id='word_1_36' title='bbox 396 755 526 820; x_wconf 88' lang='lat' dir='ltr'>libidini</span> <span class='ocrx_word' id='word_1_37' title='bbox 542 755 635 819; x_wconf 86' lang='lat' dir='ltr'>finis:</span> <span class='ocrx_word' id='word_1_38' title='bbox 652 754 814 820; x_wconf 81' lang='lat' dir='ltr'>traditam</span> <span class='ocrx_word' id='word_1_39' title='bbox 830 755 966 821; x_wconf 90' lang='lat' dir='ltr'>Tiberio</span> <span class='ocrx_word' id='word_1_40' title='bbox 982 757 1143 836; x_wconf 81' lang='lat' dir='ltr'>pervicax</span> <span class='ocrx_word' id='word_1_41' title='bbox 1160 753 1291 820; x_wconf 87' lang='lat' dir='ltr'>adulter</span> 
     </span>
     <span class='ocr_line' id='line_1_6' title="bbox 137 859 1290 940; baseline -0.003 -15"><span class='ocrx_word' id='word_1_42' title='bbox 137 860 353 925; x_wconf 89' lang='lat' dir='ltr'>contumacia</span> <span class='ocrx_word' id='word_1_43' title='bbox 369 866 402 924; x_wconf 92' lang='lat' dir='ltr'>et</span> <span class='ocrx_word' id='word_1_44' title='bbox 412 859 499 923; x_wconf 93' lang='lat' dir='ltr'>odiis</span> <span class='ocrx_word' id='word_1_45' title='bbox 514 859 550 923; x_wconf 88' lang='lat' dir='ltr'>in</span> <span class='ocrx_word' id='word_1_46' title='bbox 566 859 725 926; x_wconf 86' lang='lat' dir='ltr'>maritum</span> <span class='ocrx_word' id='word_1_47' title='bbox 742 859 970 939; x_wconf 89' lang='lat' dir='ltr'>accendebat;</span> <span class='ocrx_word' id='word_1_48' title='bbox 986 859 1195 940; x_wconf 77' lang='lat' dir='ltr'>litteraeque,</span> <span class='ocrx_word' id='word_1_49' title='bbox 1206 877 1290 940; x_wconf 89' lang='lat' dir='ltr'>quas</span> 
     </span>
     <span class='ocr_line' id='line_1_7' title="bbox 135 960 1291 1046; baseline -0.003 -16"><span class='ocrx_word' id='word_1_50' title='bbox 135 963 222 1030; x_wconf 90' lang='lat' dir='ltr'>Iulia</span> <span class='ocrx_word' id='word_1_51' title='bbox 236 964 325 1046; x_wconf 92' lang='lat' dir='ltr'>patri</span> <span class='ocrx_word' id='word_1_52' title='bbox 341 962 490 1045; x_wconf 88' lang='lat' dir='ltr'>Augusto</span> <span class='ocrx_word' id='word_1_53' title='bbox 505 982 582 1028; x_wconf 88' lang='lat' dir='ltr'>cum</span> <span class='ocrx_word' id='word_1_54' title='bbox 597 965 821 1028; x_wconf 85' lang='lat' dir='ltr'>insectatione</span> <span class='ocrx_word' id='word_1_55' title='bbox 840 960 965 1030; x_wconf 90' lang='lat' dir='ltr'>Tiberii</span> <span class='ocrx_word' id='word_1_56' title='bbox 990 963 1133 1044; x_wconf 81' lang='lat' dir='ltr'>scripsit</span> <span class='ocrx_word' id='word_1_57' title='bbox 1149 980 1170 1026; x_wconf 94' lang='lat' dir='ltr'>a</span> <span class='ocrx_word' id='word_1_58' title='bbox 1185 960 1291 1027; x_wconf 89' lang='lat' dir='ltr'>Grac-</span> 
     </span>
     <span class='ocr_line' id='line_1_8' title="bbox 135 1065 1335 1150; baseline 0.001 -16"><span class='ocrx_word' id='word_1_59' title='bbox 135 1069 202 1134; x_wconf 85' lang='lat' dir='ltr'>cho</span> <span class='ocrx_word' id='word_1_60' title='bbox 221 1069 428 1150; x_wconf 89' lang='lat' dir='ltr'>compositae</span> <span class='ocrx_word' id='word_1_61' title='bbox 445 1065 679 1132; x_wconf 87' lang='lat' dir='ltr'>credebantur.</span> <span class='ocrx_word' id='word_1_62' title='bbox 703 1067 806 1149; x_wconf 82' lang='lat' dir='ltr'>Igitur</span> <span class='ocrx_word' id='word_1_63' title='bbox 827 1075 960 1132; x_wconf 90' lang='lat' dir='ltr'>amotus</span> <span class='ocrx_word' id='word_1_64' title='bbox 985 1066 1170 1146; x_wconf 85' lang='lat' dir='ltr'>Cercinam,</span> <span class='ocrx_word' id='word_1_65' title='bbox 1187 1065 1291 1130; x_wconf 83' lang='lat' dir='ltr'>Africi</span> <span class='ocrx_word' id='word_1_66' title='bbox 1304 1082 1335 1134; x_wconf 88' lang='lat'>15</span> 
     </span>
     <span class='ocr_line' id='line_1_9' title="bbox 138 1169 1291 1254; baseline -0.003 -17"><span class='ocrx_word' id='word_1_67' title='bbox 138 1173 245 1238; x_wconf 89' lang='lat' dir='ltr'>maris</span> <span class='ocrx_word' id='word_1_68' title='bbox 261 1172 415 1252; x_wconf 91' lang='lat' dir='ltr'>insulam,</span> <span class='ocrx_word' id='word_1_69' title='bbox 430 1172 702 1254; x_wconf 89' lang='lat' dir='ltr'>quattuordecim</span> <span class='ocrx_word' id='word_1_70' title='bbox 719 1172 818 1236; x_wconf 88' lang='lat' dir='ltr'>annis</span> <span class='ocrx_word' id='word_1_71' title='bbox 850 1170 988 1236; x_wconf 84' lang='lat' dir='ltr'>exilium</span> <span class='ocrx_word' id='word_1_72' title='bbox 1002 1171 1170 1236; x_wconf 87' lang='lat' dir='ltr'>toleravit.</span> <span class='ocrx_word' id='word_1_73' title='bbox 1189 1169 1291 1235; x_wconf 50' lang='lat' dir='ltr'>¹Tunc</span> 
     </span>
     <span class='ocr_line' id='line_1_10' title="bbox 136 1275 1292 1357; baseline -0.003 -15"><span class='ocrx_word' id='word_1_74' title='bbox 136 1278 262 1343; x_wconf 87' lang='lat' dir='ltr'>milites</span> <span class='ocrx_word' id='word_1_75' title='bbox 279 1278 322 1343; x_wconf 90' lang='lat' dir='ltr'>ad</span> <span class='ocrx_word' id='word_1_76' title='bbox 338 1276 476 1342; x_wconf 88' lang='lat' dir='ltr'>caedem</span> <span class='ocrx_word' id='word_1_77' title='bbox 493 1277 587 1341; x_wconf 88' lang='lat' dir='ltr'>missi</span> <span class='ocrx_word' id='word_1_78' title='bbox 611 1277 770 1342; x_wconf 86' lang='lat' dir='ltr'>invenere</span> <span class='ocrx_word' id='word_1_79' title='bbox 789 1277 824 1341; x_wconf 88' lang='lat' dir='ltr'>in</span> <span class='ocrx_word' id='word_1_80' title='bbox 849 1276 1053 1357; x_wconf 90' lang='lat' dir='ltr'>prominenti</span> <span class='ocrx_word' id='word_1_81' title='bbox 1072 1276 1189 1354; x_wconf 74' lang='lat' dir='ltr'>litoris</span> <span class='ocrx_word' id='word_1_82' title='bbox 1208 1275 1292 1339; x_wconf 91' lang='lat' dir='ltr'>nihil</span> 
     </span>
     <span class='ocr_line' id='line_1_11' title="bbox 137 1379 1293 1463; baseline -0.003 -17"><span class='ocrx_word' id='word_1_83' title='bbox 137 1382 266 1448; x_wconf 88' lang='lat' dir='ltr'>laetum</span> <span class='ocrx_word' id='word_1_84' title='bbox 282 1381 520 1463; x_wconf 90' lang='lat' dir='ltr'>opperientem.</span> <span class='ocrx_word' id='word_1_85' title='bbox 545 1379 693 1461; x_wconf 85' lang='lat' dir='ltr'>Quorum</span> <span class='ocrx_word' id='word_1_86' title='bbox 716 1381 865 1446; x_wconf 91' lang='lat' dir='ltr'>adventu</span> <span class='ocrx_word' id='word_1_87' title='bbox 882 1380 987 1446; x_wconf 88' lang='lat' dir='ltr'>breve</span> <span class='ocrx_word' id='word_1_88' title='bbox 1012 1382 1143 1458; x_wconf 84' lang='lat' dir='ltr'>teinpus</span> <span class='ocrx_word' id='word_1_89' title='bbox 1168 1381 1293 1460; x_wconf 81' lang='lat' dir='ltr'>petivit,</span> 
     </span>
     <span class='ocr_line' id='line_1_12' title="bbox 138 1482 1291 1566; baseline -0.003 -16"><span class='ocrx_word' id='word_1_90' title='bbox 138 1491 179 1550; x_wconf 89' lang='lat' dir='ltr'>ut</span> <span class='ocrx_word' id='word_1_91' title='bbox 195 1503 350 1566; x_wconf 87' lang='lat' dir='ltr'>suprema</span> <span class='ocrx_word' id='word_1_92' title='bbox 365 1484 527 1549; x_wconf 88' lang='lat' dir='ltr'>mandata</span> <span class='ocrx_word' id='word_1_93' title='bbox 543 1485 640 1548; x_wconf 84' lang='lat' dir='ltr'>uxori</span> <span class='ocrx_word' id='word_1_94' title='bbox 656 1482 817 1549; x_wconf 88' lang='lat' dir='ltr'>Alliariae</span> <span class='ocrx_word' id='word_1_95' title='bbox 842 1503 902 1566; x_wconf 89' lang='lat' dir='ltr'>per</span> <span class='ocrx_word' id='word_1_96' title='bbox 932 1484 1063 1549; x_wconf 85' lang='lat' dir='ltr'>litteras</span> <span class='ocrx_word' id='word_1_97' title='bbox 1080 1484 1185 1562; x_wconf 86' lang='lat' dir='ltr'>daret¹</span> <span class='ocrx_word' id='word_1_98' title='bbox 1200 1549 1202 1555; x_wconf 77' lang='grc'>,</span> <span class='ocrx_word' id='word_1_99' title='bbox 1217 1501 1291 1550; x_wconf 83' lang='lat' dir='ltr'>cer-</span> 
     </span>
     <span class='ocr_line' id='line_1_13' title="bbox 136 1587 1337 1678; baseline 0.002 -24"><span class='ocrx_word' id='word_1_100' title='bbox 136 1591 313 1672; x_wconf 82' lang='lat' dir='ltr'>vicemque</span> <span class='ocrx_word' id='word_1_101' title='bbox 329 1587 584 1670; x_wconf 86' lang='lat' dir='ltr'>percussoribus</span> <span class='ocrx_word' id='word_1_102' title='bbox 600 1587 730 1669; x_wconf 90' lang='lat' dir='ltr'>obtulit,</span> <span class='ocrx_word' id='word_1_103' title='bbox 745 1590 938 1678; x_wconf 73' lang='lat' dir='ltr'>constantia</span> <span class='ocrx_word' id='word_1_104' title='bbox 954 1588 1072 1654; x_wconf 83' lang='lat' dir='ltr'>mortis</span> <span class='ocrx_word' id='word_1_105' title='bbox 1082 1589 1173 1654; x_wconf 91' lang='lat' dir='ltr'>haud</span> <span class='ocrx_word' id='word_1_106' title='bbox 1188 1587 1293 1668; x_wconf 90' lang='lat' dir='ltr'>indig-</span> <span class='ocrx_word' id='word_1_107' title='bbox 1303 1604 1337 1656; x_wconf 74' lang='lat' dir='ltr'>aa</span> 
     </span>
     <span class='ocr_line' id='line_1_14' title="bbox 136 1693 1293 1775; baseline -0.003 -15"><span class='ocrx_word' id='word_1_108' title='bbox 136 1715 203 1760; x_wconf 90' lang='lat' dir='ltr'>nus</span> <span class='ocrx_word' id='word_1_109' title='bbox 214 1693 413 1775; x_wconf 90' lang='lat' dir='ltr'>Sempronio</span> <span class='ocrx_word' id='word_1_110' title='bbox 425 1693 658 1759; x_wconf 89' lang='lat' dir='ltr'>nomine:vita</span> <span class='ocrx_word' id='word_1_111' title='bbox 668 1693 942 1774; x_wconf 88' lang='lat' dir='ltr'>degeneraverat.</span> <span class='ocrx_word' id='word_1_112' title='bbox 953 1693 1094 1775; x_wconf 86' lang='lat' dir='ltr'>Quidam</span> <span class='ocrx_word' id='word_1_113' title='bbox 1106 1712 1175 1758; x_wconf 89' lang='lat' dir='ltr'>non</span> <span class='ocrx_word' id='word_1_114' title='bbox 1185 1693 1293 1758; x_wconf 89' lang='lat' dir='ltr'>Roma</span> 
     </span>
     <span class='ocr_line' id='line_1_15' title="bbox 138 1796 1294 1879; baseline -0.006 -12"><span class='ocrx_word' id='word_1_115' title='bbox 138 1819 199 1868; x_wconf 86' lang='lat' dir='ltr'>eos</span> <span class='ocrx_word' id='word_1_116' title='bbox 215 1798 346 1878; x_wconf 88' lang='lat' dir='ltr'>milites,</span> <span class='ocrx_word' id='word_1_117' title='bbox 371 1798 430 1862; x_wconf 92' lang='lat' dir='ltr'>sed</span> <span class='ocrx_word' id='word_1_118' title='bbox 449 1797 492 1862; x_wconf 91' lang='lat' dir='ltr'>ab</span> <span class='ocrx_word' id='word_1_119' title='bbox 518 1797 551 1860; x_wconf 91' lang='lat' dir='ltr'>L.</span> <span class='ocrx_word' id='word_1_120' title='bbox 566 1796 755 1878; x_wconf 79' lang='lat' dir='ltr'>Asprenate</span> <span class='ocrx_word' id='word_1_121' title='bbox 772 1817 832 1879; x_wconf 94' lang='lat' dir='ltr'>pro</span> <span class='ocrx_word' id='word_1_122' title='bbox 849 1798 986 1864; x_wconf 90' lang='lat' dir='ltr'>consule</span> <span class='ocrx_word' id='word_1_123' title='bbox 1014 1796 1147 1863; x_wconf 85' lang='lat' dir='ltr'>Africae</span> <span class='ocrx_word' id='word_1_124' title='bbox 1173 1797 1294 1862; x_wconf 87' lang='lat' dir='ltr'>missos</span> 
     </span>
     <span class='ocr_line' id='line_1_16' title="bbox 136 1899 1291 1982; baseline -0.005 -13"><span class='ocrx_word' id='word_1_125' title='bbox 136 1902 312 1970; x_wconf 90' lang='lat' dir='ltr'>tradidere</span> <span class='ocrx_word' id='word_1_126' title='bbox 330 1906 467 1966; x_wconf 89' lang='lat' dir='ltr'>auctore</span> <span class='ocrx_word' id='word_1_127' title='bbox 484 1899 629 1980; x_wconf 89' lang='lat' dir='ltr'>Tiberio,</span> <span class='ocrx_word' id='word_1_128' title='bbox 653 1902 710 1982; x_wconf 90' lang='lat' dir='ltr'>qui</span> <span class='ocrx_word' id='word_1_129' title='bbox 726 1900 851 1966; x_wconf 89' lang='lat' dir='ltr'>famam</span> <span class='ocrx_word' id='word_1_130' title='bbox 869 1902 984 1966; x_wconf 89' lang='lat' dir='ltr'>caedis</span> <span class='ocrx_word' id='word_1_131' title='bbox 1000 1920 1099 1982; x_wconf 87' lang='lat' dir='ltr'>posse</span> <span class='ocrx_word' id='word_1_132' title='bbox 1115 1903 1150 1964; x_wconf 93' lang='lat' dir='ltr'>in</span> <span class='ocrx_word' id='word_1_133' title='bbox 1166 1901 1291 1982; x_wconf 89' lang='lat' dir='ltr'>Aspre-</span> 
     </span>
     <span class='ocr_line' id='line_1_17' title="bbox 138 2005 719 2085; baseline -0.009 -12"><span class='ocrx_word' id='word_1_134' title='bbox 138 2013 257 2074; x_wconf 89' lang='lat' dir='ltr'>natem</span> <span class='ocrx_word' id='word_1_135' title='bbox 272 2008 358 2072; x_wconf 85' lang='lat' dir='ltr'>verti</span> <span class='ocrx_word' id='word_1_136' title='bbox 371 2005 498 2070; x_wconf 88' lang='lat' dir='ltr'>frustra</span> <span class='ocrx_word' id='word_1_137' title='bbox 514 2011 719 2085; x_wconf 87' lang='lat' dir='ltr'>speraverat.</span> 
     </span>
    </p>

    <p class='ocr_par' dir='ltr' id='par_1_3' title="bbox 135 2101 1395 3223">
     <span class='ocr_line' id='line_1_18' title="bbox 289 2101 1294 2190; baseline -0.004 -15"><span class='ocrx_word' id='word_1_138' title='bbox 289 2111 338 2176; x_wconf 75' lang='lat'>54.</span> <span class='ocrx_word' id='word_1_139' title='bbox 355 2110 446 2175; x_wconf 92' lang='lat' dir='ltr'>Idem</span> <span class='ocrx_word' id='word_1_140' title='bbox 456 2128 565 2174; x_wconf 89' lang='lat' dir='ltr'>annus</span> <span class='ocrx_word' id='word_1_141' title='bbox 575 2128 683 2174; x_wconf 86' lang='lat' dir='ltr'>novas</span> <span class='ocrx_word' id='word_1_142' title='bbox 693 2109 919 2174; x_wconf 90' lang='lat' dir='ltr'>caerimonias</span> <span class='ocrx_word' id='word_1_143' title='bbox 930 2109 1061 2190; x_wconf 89' lang='lat' dir='ltr'>accepit</span> <span class='ocrx_word' id='word_1_144' title='bbox 1071 2101 1185 2174; x_wconf 87' lang='lat' dir='ltr'>addito</span> <span class='ocrx_word' id='word_1_145' title='bbox 1196 2107 1294 2172; x_wconf 89' lang='lat' dir='ltr'>soda-</span> 
     </span>
     <span class='ocr_line' id='line_1_19' title="bbox 135 2212 1395 2298; baseline -0.006 -15"><span class='ocrx_word' id='word_1_146' title='bbox 135 2217 223 2283; x_wconf 91' lang='lat' dir='ltr'>lium</span> <span class='ocrx_word' id='word_1_147' title='bbox 237 2215 469 2298; x_wconf 80' lang='lat' dir='ltr'>Augustalium</span> <span class='ocrx_word' id='word_1_148' title='bbox 484 2213 685 2293; x_wconf 88' lang='lat' dir='ltr'>sacerdotio,</span> <span class='ocrx_word' id='word_1_149' title='bbox 714 2220 752 2277; x_wconf 94' lang='lat' dir='ltr'>ut</span> <span class='ocrx_word' id='word_1_150' title='bbox 776 2214 945 2297; x_wconf 91' lang='lat' dir='ltr'>quondam</span> <span class='ocrx_word' id='word_1_151' title='bbox 970 2213 1064 2278; x_wconf 89' lang='lat' dir='ltr'>Titus</span> <span class='ocrx_word' id='word_1_152' title='bbox 1080 2212 1196 2277; x_wconf 88' lang='lat' dir='ltr'>Tatius</span> <span class='ocrx_word' id='word_1_153' title='bbox 1212 2212 1298 2277; x_wconf 54' lang='lat' dir='ltr'>reti*</span> <span class='ocrx_word' id='word_1_154' title='bbox 1391 2239 1395 2246; x_wconf 90' lang='grc'><em>·</em></span> 
     </span>
     <span class='ocr_line' id='line_1_20' title="bbox 136 2315 1295 2388; baseline -0.007 0"><span class='ocrx_word' id='word_1_155' title='bbox 136 2321 262 2388; x_wconf 89' lang='lat' dir='ltr'>nendis</span> <span class='ocrx_word' id='word_1_156' title='bbox 293 2317 496 2386; x_wconf 87' lang='lat' dir='ltr'>Sabinorum</span> <span class='ocrx_word' id='word_1_157' title='bbox 525 2317 634 2382; x_wconf 86' lang='lat' dir='ltr'>sacris</span> <span class='ocrx_word' id='word_1_158' title='bbox 665 2316 799 2382; x_wconf 89' lang='lat' dir='ltr'>sodales</span> <span class='ocrx_word' id='word_1_159' title='bbox 829 2316 936 2382; x_wconf 87' lang='lat' dir='ltr'>Titios</span> <span class='ocrx_word' id='word_1_160' title='bbox 966 2318 1166 2382; x_wconf 87' lang='lat' dir='ltr'>instituerat.</span> <span class='ocrx_word' id='word_1_161' title='bbox 1198 2315 1295 2382; x_wconf 87' lang='lat' dir='ltr'>Sorte</span> 
     </span>
     <span class='ocr_line' id='line_1_21' title="bbox 137 2420 1295 2504; baseline -0.006 -14"><span class='ocrx_word' id='word_1_162' title='bbox 137 2425 234 2490; x_wconf 89' lang='lat' dir='ltr'>ducti</span> <span class='ocrx_word' id='word_1_163' title='bbox 250 2441 269 2488; x_wconf 96' lang='lat' dir='ltr'>e</span> <span class='ocrx_word' id='word_1_164' title='bbox 285 2420 488 2504; x_wconf 88' lang='lat' dir='ltr'>primoribus</span> <span class='ocrx_word' id='word_1_165' title='bbox 505 2421 652 2484; x_wconf 87' lang='lat' dir='ltr'>civitatis</span> <span class='ocrx_word' id='word_1_166' title='bbox 668 2437 755 2485; x_wconf 89' lang='lat' dir='ltr'>unus</span> <span class='ocrx_word' id='word_1_167' title='bbox 772 2425 805 2486; x_wconf 90' lang='lat' dir='ltr'>et</span> <span class='ocrx_word' id='word_1_168' title='bbox 821 2422 954 2502; x_wconf 88' lang='lat' dir='ltr'>viginti:</span> <span class='ocrx_word' id='word_1_169' title='bbox 979 2420 1134 2486; x_wconf 87' lang='lat' dir='ltr'>Tiberius</span> <span class='ocrx_word' id='word_1_170' title='bbox 1151 2421 1295 2486; x_wconf 88' lang='lat' dir='ltr'>Drusus-</span> 
     </span>
     <span class='ocr_line' id='line_1_22' title="bbox 135 2521 1338 2614; baseline -0.002 -20"><span class='ocrx_word' id='word_1_171' title='bbox 135 2547 207 2614; x_wconf 92' lang='lat' dir='ltr'>que</span> <span class='ocrx_word' id='word_1_172' title='bbox 222 2533 254 2593; x_wconf 89' lang='lat' dir='ltr'>et</span> <span class='ocrx_word' id='word_1_173' title='bbox 270 2525 429 2591; x_wconf 87' lang='lat' dir='ltr'>Claudius</span> <span class='ocrx_word' id='word_1_174' title='bbox 452 2529 485 2588; x_wconf 92' lang='lat' dir='ltr'>et</span> <span class='ocrx_word' id='word_1_175' title='bbox 509 2521 729 2589; x_wconf 87' lang='lat' dir='ltr'>Germanicus</span> <span class='ocrx_word' id='word_1_176' title='bbox 745 2525 944 2590; x_wconf 89' lang='lat' dir='ltr'>adiciuntur.</span> <span class='ocrx_word' id='word_1_177' title='bbox 967 2525 1079 2590; x_wconf 88' lang='lat' dir='ltr'>Ludos</span> <span class='ocrx_word' id='word_1_178' title='bbox 1095 2523 1299 2606; x_wconf 79' lang='lat' dir='ltr'>Augustales</span> <span class='ocrx_word' id='word_1_179' title='bbox 1321 2540 1338 2592; x_wconf 87' lang='lat'>5</span> 
     </span>
     <span class='ocr_line' id='line_1_23' title="bbox 137 2628 1295 2713; baseline -0.006 -15"><span class='ocrx_word' id='word_1_180' title='bbox 137 2641 223 2698; x_wconf 90' lang='lat' dir='ltr'>tunc</span> <span class='ocrx_word' id='word_1_181' title='bbox 239 2632 383 2713; x_wconf 92' lang='lat' dir='ltr'>primum</span> <span class='ocrx_word' id='word_1_182' title='bbox 399 2633 536 2706; x_wconf 88' lang='lat' dir='ltr'>coeptos</span> <span class='ocrx_word' id='word_1_183' title='bbox 552 2628 703 2692; x_wconf 86' lang='lat' dir='ltr'>turbarit</span> <span class='ocrx_word' id='word_1_184' title='bbox 718 2629 889 2694; x_wconf 88' lang='lat' dir='ltr'>discordia</span> <span class='ocrx_word' id='word_1_185' title='bbox 905 2647 947 2694; x_wconf 83' lang='lat' dir='ltr'>ex</span> <span class='ocrx_word' id='word_1_186' title='bbox 957 2630 1142 2695; x_wconf 90' lang='lat' dir='ltr'>certamine</span> <span class='ocrx_word' id='word_1_187' title='bbox 1158 2629 1295 2693; x_wconf 91' lang='lat' dir='ltr'>histrio-</span> 
     </span>
     <span class='ocr_line' id='line_1_24' title="bbox 135 2730 1294 2814; baseline -0.006 -12"><span class='ocrx_word' id='word_1_188' title='bbox 135 2757 232 2802; x_wconf 87' lang='lat' dir='ltr'>num.</span> <span class='ocrx_word' id='word_1_189' title='bbox 254 2732 443 2800; x_wconf 87' lang='lat' dir='ltr'>Indulserat</span> <span class='ocrx_word' id='word_1_190' title='bbox 458 2733 489 2797; x_wconf 93' lang='lat' dir='ltr'>ei</span> <span class='ocrx_word' id='word_1_191' title='bbox 505 2730 635 2797; x_wconf 90' lang='lat' dir='ltr'>ludicro</span> <span class='ocrx_word' id='word_1_192' title='bbox 652 2733 827 2814; x_wconf 87' lang='lat' dir='ltr'>Augustus,</span> <span class='ocrx_word' id='word_1_193' title='bbox 857 2734 936 2798; x_wconf 93' lang='lat' dir='ltr'>dum</span> <span class='ocrx_word' id='word_1_194' title='bbox 960 2732 1148 2798; x_wconf 89' lang='lat' dir='ltr'>Maecenati</span> <span class='ocrx_word' id='word_1_195' title='bbox 1164 2732 1294 2796; x_wconf 88' lang='lat' dir='ltr'>obtem-</span> 
     </span>
     <span class='ocr_line' id='line_1_25' title="bbox 137 2835 1295 2925; baseline -0.007 -17"><span class='ocrx_word' id='word_1_196' title='bbox 137 2846 240 2925; x_wconf 88' lang='lat' dir='ltr'>perat</span> <span class='ocrx_word' id='word_1_197' title='bbox 256 2839 361 2905; x_wconf 86' lang='lat' dir='ltr'>eliuso</span> <span class='ocrx_word' id='word_1_198' title='bbox 377 2838 412 2902; x_wconf 88' lang='lat' dir='ltr'>in</span> <span class='ocrx_word' id='word_1_199' title='bbox 428 2854 578 2902; x_wconf 90' lang='lat' dir='ltr'>amorem</span> <span class='ocrx_word' id='word_1_200' title='bbox 594 2836 758 2920; x_wconf 61' lang='lat' dir='ltr'>Bathylli:</span> <span class='ocrx_word' id='word_1_201' title='bbox 790 2856 899 2920; x_wconf 91' lang='lat' dir='ltr'>neque</span> <span class='ocrx_word' id='word_1_202' title='bbox 924 2839 995 2919; x_wconf 90' lang='lat' dir='ltr'>ipse</span> <span class='ocrx_word' id='word_1_203' title='bbox 1020 2835 1227 2902; x_wconf 89' lang='lat' dir='ltr'>abhorrebat</span> <span class='ocrx_word' id='word_1_204' title='bbox 1242 2842 1295 2900; x_wconf 90' lang='lat' dir='ltr'>ta·</span> 
     </span>
     <span class='ocr_line' id='line_1_26' title="bbox 138 2938 1295 3022; baseline -0.007 -10"><span class='ocrx_word' id='word_1_205' title='bbox 138 2944 231 3013; x_wconf 90' lang='lat' dir='ltr'>libus</span> <span class='ocrx_word' id='word_1_206' title='bbox 246 2943 375 3022; x_wconf 88' lang='lat' dir='ltr'>studiis,</span> <span class='ocrx_word' id='word_1_207' title='bbox 389 2948 423 3007; x_wconf 91' lang='lat' dir='ltr'>et</span> <span class='ocrx_word' id='word_1_208' title='bbox 436 2941 533 3006; x_wconf 89' lang='lat' dir='ltr'>civile</span> <span class='ocrx_word' id='word_1_209' title='bbox 549 2938 687 3006; x_wconf 88' lang='lat' dir='ltr'>rebatur</span> <span class='ocrx_word' id='word_1_210' title='bbox 704 2942 837 3007; x_wconf 87' lang='lat' dir='ltr'>misceri</span> <span class='ocrx_word' id='word_1_211' title='bbox 852 2941 1083 3022; x_wconf 86' lang='lat' dir='ltr'>voluptatibus</span> <span class='ocrx_word' id='word_1_212' title='bbox 1098 2940 1195 3022; x_wconf 90' lang='lat' dir='ltr'>vulgi.</span> <span class='ocrx_word' id='word_1_213' title='bbox 1219 2940 1295 3005; x_wconf 89' lang='lat' dir='ltr'>Alia</span> 
     </span>
     <span class='ocr_line' id='line_1_27' title="bbox 139 3029 1339 3129; baseline -0.003 -13"><span class='ocrx_word' id='word_1_214' title='bbox 139 3050 279 3116; x_wconf 89' lang='lat' dir='ltr'>Tiberio</span> <span class='ocrx_word' id='word_1_215' title='bbox 294 3065 425 3112; x_wconf 88' lang='lat' dir='ltr'>morum</span> <span class='ocrx_word' id='word_1_216' title='bbox 440 3047 512 3112; x_wconf 91' lang='lat' dir='ltr'>via:</span> <span class='ocrx_word' id='word_1_217' title='bbox 543 3048 602 3113; x_wconf 90' lang='lat' dir='ltr'>sed</span> <span class='ocrx_word' id='word_1_218' title='bbox 619 3045 777 3128; x_wconf 89' lang='lat' dir='ltr'>populum</span> <span class='ocrx_word' id='word_1_219' title='bbox 792 3065 852 3129; x_wconf 91' lang='lat' dir='ltr'>per</span> <span class='ocrx_word' id='word_1_220' title='bbox 869 3051 919 3110; x_wconf 89' lang='lat' dir='ltr'>tot</span> <span class='ocrx_word' id='word_1_221' title='bbox 935 3063 1042 3110; x_wconf 91' lang='lat' dir='ltr'>annos</span> <span class='ocrx_word' id='word_1_222' title='bbox 1066 3044 1211 3109; x_wconf 89' lang='lat' dir='ltr'>molliter</span> <span class='ocrx_word' id='word_1_223' title='bbox 1234 3029 1295 3107; x_wconf 88' lang='lat' dir='ltr'>h&#39;a-</span> <span class='ocrx_word' id='word_1_224' title='bbox 1307 3062 1339 3114; x_wconf 90' lang='lat'>10</span> 
     </span>
     <span class='ocr_line' id='line_1_28' title="bbox 138 3147 1344 3223; baseline -0.01 -2"><span class='ocrx_word' id='word_1_225' title='bbox 138 3153 251 3221; x_wconf 88' lang='lat' dir='ltr'>bitum</span> <span class='ocrx_word' id='word_1_226' title='bbox 264 3151 414 3223; x_wconf 89' lang='lat' dir='ltr'>nondum</span> <span class='ocrx_word' id='word_1_227' title='bbox 430 3151 579 3217; x_wconf 90' lang='lat' dir='ltr'>audebat</span> <span class='ocrx_word' id='word_1_228' title='bbox 594 3151 637 3216; x_wconf 91' lang='lat' dir='ltr'>ad</span> <span class='ocrx_word' id='word_1_229' title='bbox 653 3151 792 3214; x_wconf 88' lang='lat' dir='ltr'>duriora</span> <span class='ocrx_word' id='word_1_230' title='bbox 807 3155 948 3214; x_wconf 87' lang='lat' dir='ltr'>vertere.</span> <span class='ocrx_word' id='word_1_231' title='bbox 1341 3147 1344 3158; x_wconf 87' lang='lat'>&#39;</span> 
     </span>
    </p>

    <p class='ocr_par' dir='ltr' id='par_1_4' title="bbox 138 3251 1340 4168">
     <span class='ocr_line' id='line_1_29' title="bbox 292 3251 1295 3321; baseline -0.002 -1"><span class='ocrx_word' id='word_1_232' title='bbox 292 3253 342 3320; x_wconf 78' lang='lat'>55.</span> <span class='ocrx_word' id='word_1_233' title='bbox 365 3255 472 3320; x_wconf 91' lang='lat' dir='ltr'>Druso</span> <span class='ocrx_word' id='word_1_234' title='bbox 489 3253 636 3321; x_wconf 87' lang='lat' dir='ltr'>Caesare</span> <span class='ocrx_word' id='word_1_235' title='bbox 661 3252 694 3320; x_wconf 87' lang='lat' dir='ltr'>C.</span> <span class='ocrx_word' id='word_1_236' title='bbox 710 3253 872 3319; x_wconf 88' lang='lat' dir='ltr'>Norbano</span> <span class='ocrx_word' id='word_1_237' title='bbox 892 3251 1086 3318; x_wconf 87' lang='lat' dir='ltr'>consulibus</span> <span class='ocrx_word' id='word_1_238' title='bbox 1102 3253 1295 3319; x_wconf 86' lang='lat' dir='ltr'>decernitur</span> 
     </span>
     <span class='ocr_line' id='line_1_30' title="bbox 138 3356 1296 3440; baseline -0.006 -12"><span class='ocrx_word' id='word_1_239' title='bbox 138 3359 345 3428; x_wconf 87' lang='lat' dir='ltr'>Germanico</span> <span class='ocrx_word' id='word_1_240' title='bbox 361 3359 549 3440; x_wconf 87' lang='lat' dir='ltr'>triumphus</span> <span class='ocrx_word' id='word_1_241' title='bbox 573 3363 731 3424; x_wconf 91' lang='lat' dir='ltr'>manente</span> <span class='ocrx_word' id='word_1_242' title='bbox 762 3356 871 3437; x_wconf 91' lang='lat' dir='ltr'>bello;</span> <span class='ocrx_word' id='word_1_243' title='bbox 908 3357 1003 3440; x_wconf 32' lang='lat' dir='ltr'>quod,</span> <span class='ocrx_word' id='word_1_244' title='bbox 1027 3375 1231 3439; x_wconf 91' lang='lat' dir='ltr'>quamquam</span> <span class='ocrx_word' id='word_1_245' title='bbox 1261 3359 1296 3421; x_wconf 92' lang='lat' dir='ltr'>in</span> 
     </span>
     <span class='ocr_line' id='line_1_31' title="bbox 141 3460 1295 3544; baseline -0.007 -13"><span class='ocrx_word' id='word_1_246' title='bbox 141 3467 310 3531; x_wconf 88' lang='lat' dir='ltr'>aestatem</span> <span class='ocrx_word' id='word_1_247' title='bbox 326 3480 457 3528; x_wconf 90' lang='lat' dir='ltr'>summa</span> <span class='ocrx_word' id='word_1_248' title='bbox 473 3480 536 3544; x_wconf 92' lang='lat' dir='ltr'>ope</span> <span class='ocrx_word' id='word_1_249' title='bbox 552 3460 706 3544; x_wconf 88' lang='lat' dir='ltr'>parabat,</span> <span class='ocrx_word' id='word_1_250' title='bbox 744 3462 841 3527; x_wconf 90' lang='lat' dir='ltr'>initio</span> <span class='ocrx_word' id='word_1_251' title='bbox 872 3461 962 3526; x_wconf 88' lang='lat' dir='ltr'>veris</span> <span class='ocrx_word' id='word_1_252' title='bbox 993 3467 1026 3527; x_wconf 91' lang='lat' dir='ltr'>et</span> <span class='ocrx_word' id='word_1_253' title='bbox 1053 3462 1230 3542; x_wconf 88' lang='lat' dir='ltr'>repentino</span> <span class='ocrx_word' id='word_1_254' title='bbox 1261 3461 1295 3524; x_wconf 91' lang='lat' dir='ltr'>in</span> 
     </span>
     <span class='ocr_line' id='line_1_32' title="bbox 139 3564 1296 3648; baseline -0.003 -16"><span class='ocrx_word' id='word_1_255' title='bbox 139 3565 286 3632; x_wconf 88' lang='lat' dir='ltr'>Chattos</span> <span class='ocrx_word' id='word_1_256' title='bbox 317 3584 460 3631; x_wconf 87' lang='lat' dir='ltr'>excursu</span> <span class='ocrx_word' id='word_1_257' title='bbox 491 3567 672 3648; x_wconf 89' lang='lat' dir='ltr'>praecepit.</span> <span class='ocrx_word' id='word_1_258' title='bbox 706 3565 793 3631; x_wconf 90' lang='lat' dir='ltr'>Nam</span> <span class='ocrx_word' id='word_1_259' title='bbox 818 3584 894 3648; x_wconf 88' lang='lat' dir='ltr'>spes</span> <span class='ocrx_word' id='word_1_260' title='bbox 925 3567 1112 3631; x_wconf 89' lang='lat' dir='ltr'>incesserat</span> <span class='ocrx_word' id='word_1_261' title='bbox 1136 3564 1296 3628; x_wconf 88' lang='lat' dir='ltr'>dissidere</span> 
     </span>
     <span class='ocr_line' id='line_1_33' title="bbox 140 3666 1340 3753; baseline 0.001 -18"><span class='ocrx_word' id='word_1_262' title='bbox 140 3671 277 3735; x_wconf 90' lang='lat' dir='ltr'>hostem</span> <span class='ocrx_word' id='word_1_263' title='bbox 291 3669 328 3733; x_wconf 91' lang='lat' dir='ltr'>in</span> <span class='ocrx_word' id='word_1_264' title='bbox 343 3666 532 3735; x_wconf 89' lang='lat' dir='ltr'>Arminium</span> <span class='ocrx_word' id='word_1_265' title='bbox 557 3689 597 3736; x_wconf 89' lang='lat' dir='ltr'>ac</span> <span class='ocrx_word' id='word_1_266' title='bbox 613 3669 793 3753; x_wconf 89' lang='lat' dir='ltr'>Segestem,</span> <span class='ocrx_word' id='word_1_267' title='bbox 824 3670 988 3752; x_wconf 90' lang='lat' dir='ltr'>insignem</span> <span class='ocrx_word' id='word_1_268' title='bbox 1013 3674 1190 3751; x_wconf 87' lang='lat' dir='ltr'>utrumque</span> <span class='ocrx_word' id='word_1_269' title='bbox 1221 3685 1297 3748; x_wconf 89' lang='lat' dir='ltr'>per·</span> <span class='ocrx_word' id='word_1_270' title='bbox 1322 3685 1340 3736; x_wconf 81' lang='lat'>5</span> 
     </span>
     <span class='ocr_line' id='line_1_34' title="bbox 140 3771 1297 3852; baseline -0.003 -12"><span class='ocrx_word' id='word_1_271' title='bbox 140 3773 225 3840; x_wconf 88' lang='lat' dir='ltr'>fidia</span> <span class='ocrx_word' id='word_1_272' title='bbox 240 3773 275 3837; x_wconf 93' lang='lat' dir='ltr'>in</span> <span class='ocrx_word' id='word_1_273' title='bbox 289 3792 352 3839; x_wconf 88' lang='lat' dir='ltr'>nos</span> <span class='ocrx_word' id='word_1_274' title='bbox 369 3780 428 3840; x_wconf 87' lang='lat' dir='ltr'>aut</span> <span class='ocrx_word' id='word_1_275' title='bbox 443 3773 516 3840; x_wconf 87' lang='lat' dir='ltr'>lide.</span> <span class='ocrx_word' id='word_1_276' title='bbox 540 3773 711 3839; x_wconf 90' lang='lat' dir='ltr'>Arminius</span> <span class='ocrx_word' id='word_1_277' title='bbox 727 3773 883 3839; x_wconf 88' lang='lat' dir='ltr'>turbator</span> <span class='ocrx_word' id='word_1_278' title='bbox 902 3772 1112 3852; x_wconf 84' lang='lat' dir='ltr'>Germaniae,</span> <span class='ocrx_word' id='word_1_279' title='bbox 1143 3771 1297 3852; x_wconf 88' lang='lat' dir='ltr'>Segestes</span> 
     </span>
     <span class='ocr_line' id='line_1_35' title="bbox 142 3875 1297 3959; baseline -0.001 -17"><span class='ocrx_word' id='word_1_280' title='bbox 142 3877 262 3959; x_wconf 88' lang='lat' dir='ltr'>parari</span> <span class='ocrx_word' id='word_1_281' title='bbox 292 3876 511 3943; x_wconf 90' lang='lat' dir='ltr'>rebellionem</span> <span class='ocrx_word' id='word_1_282' title='bbox 542 3895 644 3958; x_wconf 91' lang='lat' dir='ltr'>saepe</span> <span class='ocrx_word' id='word_1_283' title='bbox 669 3878 755 3943; x_wconf 87' lang='lat' dir='ltr'>alias</span> <span class='ocrx_word' id='word_1_284' title='bbox 781 3883 815 3944; x_wconf 89' lang='lat' dir='ltr'>ct</span> <span class='ocrx_word' id='word_1_285' title='bbox 838 3895 995 3958; x_wconf 89' lang='lat' dir='ltr'>supremo</span> <span class='ocrx_word' id='word_1_286' title='bbox 1019 3875 1184 3952; x_wconf 88' lang='lat' dir='ltr'>convivio,</span> <span class='ocrx_word' id='word_1_287' title='bbox 1221 3883 1297 3957; x_wconf 90' lang='lat' dir='ltr'>post</span> 
     </span>
     <span class='ocr_line' id='line_1_36' title="bbox 144 3979 1297 4066; baseline -0.001 -20"><span class='ocrx_word' id='word_1_288' title='bbox 144 3981 237 4066; x_wconf 91' lang='lat' dir='ltr'>quod</span> <span class='ocrx_word' id='word_1_289' title='bbox 253 3981 287 4045; x_wconf 91' lang='lat' dir='ltr'>in</span> <span class='ocrx_word' id='word_1_290' title='bbox 303 3997 399 4046; x_wconf 82' lang='lat' dir='ltr'>arina</span> <span class='ocrx_word' id='word_1_291' title='bbox 415 3981 507 4062; x_wconf 89' lang='lat' dir='ltr'>itum,</span> <span class='ocrx_word' id='word_1_292' title='bbox 523 3982 656 4061; x_wconf 89' lang='lat' dir='ltr'>aperuit</span> <span class='ocrx_word' id='word_1_293' title='bbox 666 3983 839 4065; x_wconf 87' lang='lat' dir='ltr'>suasitque</span> <span class='ocrx_word' id='word_1_294' title='bbox 849 3981 940 4047; x_wconf 91' lang='lat' dir='ltr'>Varo</span> <span class='ocrx_word' id='word_1_295' title='bbox 956 3986 994 4047; x_wconf 93' lang='lat' dir='ltr'>ut</span> <span class='ocrx_word' id='word_1_296' title='bbox 1008 3999 1044 4046; x_wconf 88' lang='lat' dir='ltr'>se</span> <span class='ocrx_word' id='word_1_297' title='bbox 1060 3987 1093 4045; x_wconf 89' lang='lat' dir='ltr'>et</span> <span class='ocrx_word' id='word_1_298' title='bbox 1108 3979 1297 4046; x_wconf 89' lang='lat' dir='ltr'>Arminium</span> 
     </span>
     <span class='ocr_line' id='line_1_37' title="bbox 147 4084 1297 4168; baseline -0.003 -17"><span class='ocrx_word' id='word_1_299' title='bbox 147 4091 182 4152; x_wconf 85' lang='lat' dir='ltr'>et</span> <span class='ocrx_word' id='word_1_300' title='bbox 204 4090 337 4150; x_wconf 84' lang='lat' dir='ltr'>ceteros</span> <span class='ocrx_word' id='word_1_301' title='bbox 352 4102 511 4167; x_wconf 89' lang='lat' dir='ltr'>proceres</span> <span class='ocrx_word' id='word_1_302' title='bbox 526 4085 686 4153; x_wconf 83' lang='lat' dir='ltr'>vinciret:</span> <span class='ocrx_word' id='word_1_303' title='bbox 708 4086 792 4152; x_wconf 90' lang='lat' dir='ltr'>nihil</span> <span class='ocrx_word' id='word_1_304' title='bbox 818 4102 976 4150; x_wconf 89' lang='lat' dir='ltr'>ausuram</span> <span class='ocrx_word' id='word_1_305' title='bbox 991 4084 1122 4165; x_wconf 90' lang='lat' dir='ltr'>plebem</span> <span class='ocrx_word' id='word_1_306' title='bbox 1138 4085 1297 4168; x_wconf 90' lang='lat' dir='ltr'>principi-</span> 
     </span>
    </p>
   </div>
   <div class='ocr_carea' id='block_1_3' title="bbox 0 0 1520 4430">
    <p class='ocr_par' dir='ltr' id='par_1_5' title="bbox 0 0 1520 4430">
     <span class='ocr_line' id='line_1_38' title="bbox 0 0 1520 4430; baseline 0 0"><span class='ocrx_word' id='word_1_307' title='bbox 0 0 1520 4430; x_wconf 95' lang='lat' dir='ltr'> </span> 
     </span>
    </p>
   </div>
  </div>
 </body>
</html>
