3010 4430
466 287 507 332 rs
524 285 664 334 nxcrssu
681 287 819 335 aucusrr
835 269 856 334 l.
873 271 1009 336 20--25,
1248 277 1288 340 17

139 459 182 523 ob
207 459 327 539 scelus,
358 459 417 524 sed
442 460 521 542 quia
536 458 673 523 utilitati
692 458 859 539 legionum
876 463 1145 546 consulebamus
1175 465 1210 530 hi
1235 485 1287 530 sc·

138 561 283 642 peliunt?
694 566 697 573 '

239 666 291 734 23.
316 666 521 733 Incendebat
536 667 621 732 baec
637 666 717 732 fletu
733 673 767 731 et
781 676 898 748 pectus
929 677 1030 753 atque
1061 692 1100 738 os
1130 673 1287 740 manibus

137 771 331 836 verberans.
354 770 431 836 Mox
457 770 606 835 disiectis
630 787 772 853 quorum
803 789 863 853 per
878 773 1024 858 [umeros
1049 777 1287 857 sustinebatur,

138 891 299 957 praeceps
316 880 350 940 et
364 873 573 955 singulorum
589 870 729 954 pedibus
746 874 924 940 advolutus
944 882 1073 943 tantum
1090 887 1286 946 consterna·

137 977 240 1044 tionis
255 979 469 1061 invidiaeque
488 977 643 1057 concivit,
673 983 710 1041 ut
726 996 805 1058 pars
820 979 963 1044 militum
987 982 1201 1064 gladiatores,
1232 988 1289 1068 qui

136 1081 308 1146 eserritio
325 1080 435 1148 Blaesi
451 1087 557 1160 orant,
581 1099 658 1162 pars
683 1088 832 1146 ceteram
849 1083 998 1152 eiusdem
1024 1084 1186 1153 familiam
1211 1090 1286 1154 rin-
1315 1108 1331 1158 5

135 1185 251 1264 cirent,
277 1184 336 1250 alii
351 1185 393 1250 ad
410 1183 638 1267 quaerendum
655 1203 778 1268 corpus
794 1184 1053 1254 effunderentur.
1066 1231 1072 1244 -
1084 1190 1132 1256 Ac
1150 1193 1186 1256 ni
1208 1211 1287 1274 pro·

136 1304 217 1365 pere
234 1306 342 1371 neque
359 1306 481 1368 corpus
496 1287 600 1351 ullum
615 1288 765 1369 reperiri,
791 1295 823 1353 et
848 1307 964 1355 servos
980 1293 1140 1359 adhibitis
1156 1297 1288 1361 crucia-

135 1391 227 1456 tibus
243 1391 392 1458 abnuere
409 1393 557 1472 caedem,
573 1411 682 1475 neque
696 1392 743 1457 illi
759 1392 862 1460 luisse
880 1414 1040 1478 umquam
1057 1397 1197 1466 fratrem
1213 1419 1288 1482 per-

136 1497 312 1571 notnisset,
329 1496 420 1562 haud
430 1496 571 1562 multum
588 1494 631 1560 ab
648 1497 751 1562 exitio
767 1496 869 1578 legati
879 1499 1030 1565 aberant.
1050 1500 1217 1569 Tribunos
1232 1510 1286 1569 ta-

137 1619 215 1666 men
232 1620 272 1665 ac
289 1599 497 1682 praelectum
513 1606 703 1665 castrorum
719 1608 903 1682 extrusere
918 1605 1074 1670 sarcinae
1091 1605 1286 1688 fugientium
1297 1626 1330 1679 10

134 1706 297 1787 direptae,
320 1710 354 1770 et
369 1705 521 1770 centurio
537 1704 684 1769 Lucilius
700 1704 906 1785 interficitur,
930 1709 984 1772 cui
1007 1709 1210 1776 militaribus
1233 1711 1249 1776 f
1271 1749 1286 1761 -

134 1809 233 1875 cetiis
249 1807 452 1874 vocabulum
477 1808 570 1874 ‘cedo
595 1808 746 1874 alteram’
770 1810 972 1892 indiderant,
997 1814 1077 1895 quia
1092 1812 1203 1880 fracta
1217 1817 1286 1881 rite
1409 1799 1412 1806 ¹

137 1915 171 1978 in
187 1920 283 1996 tergo
299 1913 414 1978 militis
429 1913 572 1977 alteram
588 1912 682 1977 clara
698 1931 782 1978 voce
799 1932 839 1978 ac
856 1933 972 1980 rursus
988 1917 1090 2005 aliam
1115 1919 1285 1999 poscebat.

134 2015 272 2082 Ceteros
286 2016 437 2083 latebrae
454 2021 577 2095 texere,
593 2008 660 2081 uno
687 2020 818 2081 retento
834 2015 1005 2084 Clemente
1021 2018 1113 2101 lulio,
1137 2022 1194 2104 qui
1210 2041 1286 2104 per·

134 2119 283 2186 serendis
298 2119 440 2185 militum
456 2119 626 2186 mandatis
641 2117 833 2185 habebatur
858 2121 999 2186 idoneus
1023 2123 1068 2188 ob
1093 2131 1284 2207 promptum
1296 2144 1329 2197 15

135 2225 314 2308 ingenium.
331 2224 417 2306 Quin
430 2225 525 2305 ipsae
540 2223 628 2287 inter
644 2240 680 2289 se
695 2222 844 2304 legiones
868 2230 992 2290 octava
1024 2232 1058 2292 et
1082 2229 1200 2311 quinta
1227 2230 1286 2297 de-

134 2346 235 2394 cuma
251 2328 377 2394 lerrum
393 2326 569 2409 parabant,
585 2328 664 2391 dum
680 2327 913 2393 centurionem
929 2337 1152 2412 cognomento
1178 2331 1285 2414 Sirpi-

133 2452 210 2498 cum
227 2432 287 2498 illa
301 2432 402 2496 morti
417 2431 580 2512 deposcit,
594 2430 893 2513 quintadecumani
906 2436 1053 2514 tuentur,
1068 2435 1104 2498 ni
1119 2435 1215 2500 miles
1226 2455 1285 2502 no·

134 2555 245 2604 nanus
259 2554 379 2618 preces
394 2541 429 2600 et
443 2535 623 2600 adversmn
638 2536 853 2616 aspernantis
869 2537 979 2600 minas
991 2537 1224 2604 interiecisset.

237 2638 544 2706 subsecanda
574 2655 777 2720 quamquam
809 2639 1001 2704 abstrusum
1032 2648 1066 2706 et
1092 2642 1284 2709 tristissima

131 2745 448 2828 quaequemaxime
464 2743 690 2808 occultantem
706 2742 878 2808 Tiberium
888 2745 1073 2827 perpulere,
1089 2751 1125 2810 ut
1140 2746 1284 2814 Drusum

131 2849 236 2913 tilium
252 2866 328 2912 cum
345 2847 548 2929 primoribus
564 2846 711 2911 civitatis
727 2847 925 2929 duabusque
941 2849 1119 2929 praetoriis
1136 2851 1284 2916 cohorti-

130 2951 194 3016 bus
209 2951 368 3027 mitteret‚
393 2949 493 3015 nullis
509 2950 592 3014 satis
611 2950 712 3015 certis
728 2950 906 3031 mandatis,
931 2969 1026 3018 exre
1043 2954 1283 3020 consulturum.

130 3054 169 3119 Et
185 3055 344 3120 cohortes
374 3052 504 3118 delecto
529 3051 633 3118 milite
652 3071 767 3150 =supra
790 3053 925 3119 solitum
956 3055 1117 3120 firmatae.
1141 3056 1283 3124 Additur
1309 3078 1327 3129 5

129 3175 254 3240 magna
268 3176 349 3242 pars
365 3156 572 3238 praetoriani
589 3157 710 3239 equitis
734 3163 768 3223 et
788 3156 919 3222 robora
944 3154 1198 3240 Germanorum,
1228 3164 1284 3245 qui

129 3270 201 3328 tum
217 3261 375 3328 custodes
391 3260 588 3341 imperatori
603 3260 765 3338 aderant;
788 3259 887 3326 simul
911 3263 1072 3342 praetorii
1090 3263 1284 3344 praefectus

129 3366 245 3433 Aelius
261 3365 412 3445 Seianus,
429 3364 557 3447 collega
573 3364 736 3431 Straboni
751 3365 839 3446 patri
854 3383 915 3432 suo
931 3366 1040 3446 datus,
1055 3386 1178 3451 magna
1194 3371 1282 3452 apud

129 3469 303 3536 Tiberium
327 3471 539 3548 auctoritate,
570 3475 683 3535 rector
708 3469 823 3534 iuveni
849 3475 882 3534 et
904 3470 1026 3537 ceteris
1057 3473 1282 3552 periculorum

128 3574 426 3656 praemiorumque
458 3579 656 3638 ostentator.
687 3571 796 3637 Druso
826 3574 1065 3657 propinquanti
1095 3577 1192 3658 quasi
1222 3593 1326 3657 perro

127 3677 278 3746 osticium
294 3676 416 3742 obviae
431 3675 525 3743 luere
540 3675 697 3759 legiones,
711 3693 781 3740 non
796 3673 917 3753 laetae,
941 3682 978 3741 ut
1001 3677 1142 3759 adsolet,
1174 3698 1282 3762 neque

128 3780 316 3865 insignibus
332 3778 506 3861 fulgentes,
524 3779 584 3847 sed
599 3778 725 3844 inluvie
740 3777 884 3843 deformi
901 3785 935 3844 ct
949 3778 1053 3859 vultu,
1076 3800 1281 3865 quamquam

127 3883 335 3951 maestitiam
350 3883 572 3964 imitarentur,
587 3881 822 3949 contumaciae
838 3883 1022 3963 propiores.

232 3983 285 4053 25.
299 3983 484 4068 Postquam
498 3983 625 4049 vallum
640 3983 778 4061 introiit,
787 3985 905 4064 portas
920 3984 1122 4050 stationibus
1137 3985 1282 4070 firmant,

127 4091 246 4173 globos
265 4083 482 4156 'armatorum
506 4089 609 4153 certis
633 4093 823 4170 castrorum
855 4085 943 4152 locis
969 4089 1116 4168 opperiri
1146 4089 1279 4156 iubent:

178 4227 282 4272 tta—ss·
295 4227 429 4278 Ntmctbr:
443 4223 521 4269 'l'ucltl
533 4227 648 4268 Annales.
1219 4211 1236 4262 Ξ
