3010 4430
204 188 225 252 o
642 205 794 254 counnuu
811 205 919 258 rucrrr

205 377 401 458 provinciae
416 375 509 442 illum
524 395 637 442 rerum
653 383 779 442 statum
804 376 1009 456 abnuebant,
1032 385 1189 461 suspecto
1213 386 1352 445 senatus

205 479 384 564 populique
400 480 541 562 imperio
557 480 601 546 ob
618 481 806 546 certamina
821 481 1008 563 potentium
1032 488 1066 546 et
1081 484 1260 550 avaritiam
1275 503 1352 550 ma-

205 586 413 667 gistratuum,
429 583 578 649 invalido
594 583 704 666 legum
719 583 854 664 auxilio,
869 602 957 667 quae
971 585 1015 666 vi,
1029 585 1166 667 ambitu,
1182 592 1355 669 postremo

164 706 196 760 to
206 687 350 785 pecunia
362 687 597 754 turbabantur.

302 790 332 856 3.
348 788 504 857 Ceterum
514 789 682 874 Augustus
691 791 843 857 subsidia
852 793 1074 859 dominationi
1084 791 1260 860 Claudium
1269 794 1357 860 blar-

208 894 329 961 cellum
345 895 472 960 sororis
490 893 594 960 filium
618 895 799 961 admodum
824 895 1074 963 adulescentem
1099 897 1296 980 pontificatu
1323 905 1358 964 et

207 998 315 1064 curuli
331 999 511 1080 aedilitate,
526 997 566 1064 Μ.
581 998 772 1082 Agrippam,
787 999 970 1082 ignobilem
984 1000 1069 1081 loco,
1093 1002 1219 1068 bonum
1234 1004 1358 1071 militia

206 1108 240 1169 et
255 1104 419 1170 victoriae
432 1104 571 1184 socium,
596 1104 774 1185 geminatis
789 1103 1022 1170 consulatibus
1037 1106 1165 1186 extulit,
1189 1127 1268 1173 mox
1294 1108 1357 1174 de-

180 1206 323 1277 sfuncto
332 1205 490 1273 Marcello
500 1225 660 1290 generum
673 1208 834 1292 sumpsit;
850 1207 1019 1274 Tiberium
1030 1208 1199 1278 Neronem
1211 1217 1245 1278 et
1254 1210 1358 1278 Clau-

207 1311 299 1376 dium
314 1311 457 1377 Drusum
472 1311 643 1393 privignos
657 1311 884 1394 imperatoriis
900 1313 1092 1378 nominibus
1108 1315 1210 1394 auxit,
1225 1315 1356 1398 integra

208 1416 311 1496 etlam
327 1421 398 1481 tum
414 1417 514 1482 domo
530 1435 601 1481 sua.
617 1415 703 1482 Nam
719 1417 849 1499 genitos
866 1416 1013 1499 Agrippa
1022 1415 1143 1484 Gaium
1159 1437 1199 1484 ao
1215 1413 1356 1508 Lucium

206 1515 244 1602 in
257 1518 419 1587 familiam
435 1518 618 1586 Caesarum
634 1521 821 1603 induxerat,
836 1517 981 1586 necdum
996 1523 1108 1602 posita
1123 1523 1242 1604 puerili
1257 1540 1359 1605 prae-

199 1613 302 1707 ¹ter'rta
316 1623 485 1707 principes
500 1625 683 1690 iuventutis
698 1619 870 1706 appellari,
895 1625 1058 1690 destinari
1074 1625 1229 1691 consules
1245 1626 1360 1707 specie

166 1746 199 1801 10
208 1727 399 1804 recusantis
412 1727 671 1810 flagrantissime
687 1730 870 1810 cupiverat.
894 1727 937 1794 Ut
957 1729 1106 1812 Agrippa
1122 1731 1190 1796 vita
1205 1727 1360 1816 'conces-

209 1835 261 1913 sit,
275 1827 414 1919 Lucium
429 1830 612 1899 Caesarem
628 1837 763 1898 euntem
783 1832 826 1897 ad
841 1828 1074 1915 Hispaniensis
1089 1833 1266 1914 exercitus,
1291 1831 1360 1902 Ga·

204 1921 278 2002 'ium
294 1941 501 2002 remeantem
515 1933 677 2002 Armenia
693 1942 727 2001 et
741 1936 880 2002 vulnere
895 1936 1080 2002 invalidum
1094 1956 1186 2002 mors
1196 1935 1267 2002 lato
1278 1919 1360 2028 prq-

209 2060 292 2125 pera
306 2040 360 2105 uel
374 2058 543 2106 novercae
558 2040 673 2106 Liviae
688 2040 785 2106 dolus
801 2040 951 2122 abstulit,
965 2040 1138 2124 Drusoque
1153 2039 1283 2123 pridem
1302 2059 1360 2106 ex-

211 2137 317 2212 tincto
333 2142 421 2209 Nero
438 2141 563 2211 solus'e
579 2138 738 2228 privignis
755 2150 838 2223 erat,
853 2143 931 2226 illuc
947 2150 1071 2210 cuncta
1085 2162 1240 2227 vergere:
1265 2143 1362 2225 filius,

166 2251 339 2338 15,collega
353 2250 493 2332 imperii,
508 2267 649 2315 consors
665 2247 867 2313 tribuniciae
883 2249 1078 2330 postestatis
1089 2247 1275 2315 adsumitur
1285 2266 1360 2313 om·

204 2356 330 2439 nisque
344 2372 405 2435 per
420 2353 588 2419 exercitus
603 2357 801 2429 ostentatur,
816 2370 885 2417 non
896 2350 1057 2432 obscuris,
1073 2357 1110 2416 ut
1119 2356 1228 2444 antea,
1238 2351 1362 2416 matris

159 2447 161 2450 ’
211 2459 351 2550 artibus,
367 2457 425 2524 sed
441 2455 554 2540 palam
568 2457 715 2523 hortatu.
730 2454 817 2521 Nam
833 2473 948 2520 senem
965 2455 1362 2537 Augustumdevinxerat

212 2563 307 2640 adeo,
322 2561 372 2627 uti
387 2565 545 2642 nepotem
560 2561 705 2640 unicum,
730 2553 912 2641 Agrippam
927 2557 1132 2640 Postumum,
1157 2559 1192 2624 in
1216 2559 1361 2626 insulam

211 2665 404 2733 Planasiam
420 2661 608 2746 proiecerit,
624 2663 741 2732 rudem
758 2680 841 2731 sane
857 2663 1024 2729 bonarum
1040 2664 1164 2728 artium
1188 2668 1221 2728 et
1236 2663 1361 2728 robore

169 2789 203 2842 au
212 2765 364 2854 corporis
379 2767 498 2835 stolide
509 2766 665 2850 ferocem,
680 2767 804 2834 nullius
819 2774 935 2834 tamen
949 2767 1066 2850 flagitii
1082 2757 1293 2850 conpertum.
1318 2766 1362 2834 At

212 2873 348 2940 hercule
364 2870 601 2938 Germanicum
616 2871 724 2938 Druso
741 2877 852 2937 ortum
869 2878 946 2952 octo
963 2869 1052 2954 apud
1077 2871 1231 2936 Rhenum
1243 2857 1363 2954 ¹logio·

162 2971 166 2981 '
214 2979 313 3044 nibus
338 2974 485 3058 inposuit
509 2975 699 3059 adscirique
724 2976 1026 3058 peradoptionem
1051 2992 1071 3041 a
1095 2973 1231 3040 Tiberio
1256 2961 1365 3068 iussit,

213 3077 417 3166 quamquam
433 3085 522 3145 esset
537 3077 572 3145 in
589 3078 690 3145 domo
706 3077 831 3145 Tiberii
848 3078 935 3143 lilius
950 3079 1089 3158 iuvenis,
1104 3078 1164 3143 sed
1174 3096 1240 3160 quo
1256 3076 1363 3159 pluri-

214 3188 277 3252 bus
292 3186 508 3270 munimentis
523 3185 701 3252 insisteret.
716 3182 845 3249 Bellum
860 3200 902 3248 ea
918 3186 1119 3264 tempestate
1142 3179 1269 3246 nullum
1295 3169 1362 3251 nisi

170 3309 204 3363 st>
215 3281 377 3357 adversus
392 3288 579 3357 Germanos
599 3293 784 3371 supererat,
809 3286 998 3354 abolendae
1017 3285 1123 3367 magis
1139 3283 1302 3350 infamiae
1319 3281 1364 3349 ob

214 3393 376 3460 amissum
391 3392 467 3460 cu'm
483 3391 643 3474 Quintilio
656 3391 747 3458 Varo
764 3391 951 3472 exercitum
975 3409 1076 3474 quam
1100 3387 1256 3470 cupidine
1283 3404 1365 3469 pro.-

215 3487 345 3566 serendi
354 3498 485 3580 imperii
495 3502 554 3563 aut
563 3497 701 3579 dignum
711 3496 754 3561 ob
764 3496 961 3577 praemium.
978 3493 1074 3559 Domi
1083 3511 1139 3558 res
1147 3490 1365 3576 tranquillae,

214 3599 332 3669 eadem
348 3593 604 3683 magistratuum
619 3596 803 3682 vocabula3
819 3597 968 3663 iuniores
983 3603 1060 3679 post
1078 3594 1251 3660 Actiacam
1260 3595 1366 3662 victo·

26 3771 52 3792 „
212 3707 309 3790 riam,
333 3705 435 3770 etiam
451 3721 549 3782 senes
573 3702 724 3788 plerique
748 3695 835 3767 inter
860 3688 955 3766 bella
974 3701 1097 3766 civium
1122 3699 1212 3765 nati:
1242 3703 1366 3782 quotus

169 3809 354 3896 aequisque
370 3808 527 3894 reliquus,
541 3809 685 3893 quirem
701 3801 870 3888 publicam
887 3801 1055 3872 vidisset?

43 3915 55 3932 ''
318 3912 347 3980 4.
362 3911 464 3994 Igitur
478 3928 578 3982 verso
594 3909 743 3976 civitatis
758 3915 848 3975 statu
865 3908 949 3990 nibil
963 3926 1107 4008 nsquam
1132 3905 1234 3990 prisci
1258 3905 1324 3970 et
1316 3924 1366 3969 m·

212 4015 298 4098 tegri
314 4017 434 4079 moris:
451 4032 569 4082 omnes
577 4017 681 4079 exuta
691 4011 916 4100 aequalitate
907 4029 999 4077 iussa
1008 4029 1170 4093 prmcrprs
1180 4013 1367 4090 aspectare,
