3010 4430
242 227 284 291 66
490 251 492 256 ·
678 243 830 290 conunnn
846 243 954 291 116111

244 418 343 496 mido,
368 417 602 498 reputantibus
626 417 717 482 haud
734 435 931 498 prosperum
947 417 983 480 in
999 417 1105 483 Druso
1122 424 1218 499 patre
1243 417 1315 482 eius
1339 417 1353 481 f
1374 457 1388 468 -
1482 480 1483 483 ,

244 539 361 587 vorem
376 521 473 603 vulgi,
489 522 691 587 avuueulum
708 523 859 588 eiusdem
876 521 1071 587 Marcellum
1086 521 1305 604 flagrantibus
1321 524 1388 604 ple·

201 643 235 696 15
244 626 297 691 bis
321 627 440 691 studiis
456 628 554 702 intra
577 629 750 692 iuventam
775 633 934 708 ereptum,
958 627 1078 692 breves
1095 634 1128 693 et
1142 625 1307 692 infaustos
1324 635 1389 708 'po-

245 731 314 813 puli
330 731 474 798 Romani
490 750 631 796 amores.

302 836 356 900 42.
380 834 539 901 Ceterum
565 835 719 900 Tiberius
747 836 881 900 nomine
909 832 1100 900 Germanici
1124 842 1279 900 trecenos
1304 835 1392 917 plebi

253 941 428 1006 sestertios
443 941 569 1004 viritim
585 940 676 1004 dedit
691 957 793 1022 seque
809 938 971 1020 collegam
987 938 1178 1004 consulatui
1202 941 1272 1004 eius
1289 940 1393 1006 desti-

243 1046 350 1109 navit.
373 1043 442 1109 Nec
467 1044 542 1108 ideo
567 1044 721 1108 sincerae
746 1042 900 1108 caritatis
928 1041 1027 1106 fidem
1053 1043 1232 1108 adsecutus
1263 1043 1395 1110 amoliri

246 1149 402 1213 iuvenem
417 1149 529 1227 specie
544 1147 683 1212 honoris
711 1147 829 1211 statuit
855 1147 1041 1228 struxitque
1072 1164 1193 1212 causas
1220 1153 1279 1212 aut
1308 1147 1394 1213 forte

219 1252 380 1322 sublatas
405 1251 556 1332 arripuit.
589 1250 660 1316 Rex
693 1249 879 1316 Archelaus
909 1249 1244 1333 quinquagensimum
1269 1269 1395 1316 annum

249 1355 465 1438 Cappadocia
495 1355 696 1436 potiebatur,
726 1355 853 1419 invisus
884 1354 1028 1436 Tiberio,
1059 1355 1148 1438 quod
1179 1372 1255 1419 eum
1285 1355 1395 1420 Rhodi

254 1464 408 1541 agentem
424 1459 515 1523 nullo
531 1457 642 1524 officio
659 1460 825 1524 coluisset.
849 1458 918 1523 Nec
943 1457 977 1522 id
993 1459 1179 1524 Archelaus
1203 1477 1263 1541 per
1278 1479 1396 1541 super-

253 1565 344 1628 biam
368 1565 536 1641 omiserat‚
552 1564 611 1629 sed
628 1563 671 1628 ab
688 1565 814 1628 intimis
830 1563 971 1646 Augusti
986 1565 1142 1642 monitus
1160 1565 1239 1646 quia
1254 1563 1396 1630 florente

254 1667 338 1734 Gaio
355 1667 501 1734 Caesare
516 1669 686 1751 missoque
703 1669 816 1733 adres
833 1666 979 1733 Orientis
998 1669 1107 1733 intuta
1131 1665 1257 1734 Tiberii
1279 1669 1398 1734 amici-

205 1773 299 1844 10111
317 1771 524 1837 credebatur.
548 1771 591 1838 Ut
606 1791 706 1837 versa
721 1770 906 1838 Caesarum
921 1772 1038 1837 subole
1062 1773 1238 1855 imperium
1254 1775 1397 1856 adeptus
1481 1766 1482 1771 ’

249 1884 309 1958 est,
336 1877 427 1942 elicit
447 1876 651 1942 Archelaum
678 1877 796 1941 matris
821 1877 951 1953 litteris
975 1895 1062 1959 quae
1085 1895 1153 1941 non
1177 1879 1398 1944 dissimulatis
1481 1880 1483 1889 ’

249 1983 307 2048 filii
324 1981 566 2047 offensionibus
582 1981 795 2046 clementiam
812 1979 983 2062 offerebat,
1008 1981 1037 2046 si
1053 1981 1097 2045 ad
1113 1983 1322 2063 precandum
1338 2003 1396 2049 ve·
1481 1976 1482 2041 ]

250 2090 345 2153 niret.
379 2086 437 2152 llle
462 2087 598 2167 ignarus
628 2086 696 2151 doli
727 2086 789 2166 vel,
820 2087 849 2150 si
873 2086 1064 2168 intellegere
1095 2087 1299 2169 crederetur,
1330 2090 1399 2152 vim
1480 2111 1481 2178 j

251 2197 405 2256 metuens
421 2191 455 2254 in
471 2190 589 2255 urbem
603 2197 779 2271 properat;
796 2195 1019 2272 exceptusque
1030 2190 1150 2254 immiti
1166 2191 1355 2272 aprincipe
1366 2197 1398 2255 et

205 2312 239 2366 15
253 2313 331 2359 mox
347 2299 526 2358 accusatus
542 2295 577 2357 in
593 2299 721 2372 senatu,
741 2313 808 2358 non
832 2295 875 2358 ob
901 2295 1043 2359 crimina
1067 2313 1153 2376 quae
1166 2293 1400 2374 fingebantur,
1480 2333 1481 2338 κ

249 2399 308 2464 sed
326 2417 460 2480 angore,
476 2397 574 2462 simul
590 2397 699 2462 fessus
715 2399 809 2462 senio
827 2404 860 2462 et
876 2401 954 2482 quia
972 2398 1106 2480 regibus
1131 2416 1248 2481 aequa,
1271 2401 1399 2464 nedum

246 2501 361 2566 infima
391 2501 527 2566 insolita
557 2508 644 2579 sunt,
671 2502 770 2566 finem
799 2503 890 2567 vitae
921 2508 1041 2583 sponte
1070 2521 1114 2567 an
1143 2501 1211 2566 fato
1237 2502 1399 2583 implevit

251 2606 403 2689 Regnum
419 2607 454 2670 in
470 2607 679 2689 provinciam
694 2607 870 2672 redactum
886 2614 946 2687 est,
962 2605 1191 2688 fructibusque
1202 2607 1273 2671 eius
1288 2607 1400 2672 levari

249 2729 348 2793 posse
374 2712 578 2776 centesimae
602 2711 744 2792 vectigal
774 2710 945 2792 professus
974 2709 1100 2776 Caesar
1129 2710 1398 2779 ducentesimam

205 2815 286 2884 eoin
302 2821 474 2896 posterum
490 2815 617 2878 statuit.
642 2814 705 2879 Per
722 2815 811 2880 idern
821 2820 951 2896 tempus
967 2814 1133 2879 Antiocho
1150 2812 1398 2897 Commageno-

250 2938 333 2997 rum,
350 2918 566 3000 Philopatore
582 2917 723 2983 Cilicum
742 2920 876 3003 regibus
893 2918 1058 2984 defunctis
1082 2918 1309 2984 turbabantur
1334 2939 1398 2984 na-

248 3023 368 3104 tiones,
387 3022 556 3106 plerisque
577 3022 781 3100 Romanum,
807 3023 880 3087 aliis
905 3024 1032 3104 regium
1055 3023 1232 3104 imperium
1257 3024 1401 3105 cupien-

247 3127 354 3207 tibus;
372 3134 406 3192 et
420 3129 617 3209 provinciae
634 3127 735 3194 Suria
751 3133 854 3210 atque
869 3127 1001 3204 Iudaea,
1027 3127 1136 3193 fessae
1152 3126 1322 3208 oneribus,
1339 3129 1398 3193 de·

248 3231 470 3298 minutionem
485 3232 602 3297 tributi
618 3233 771 3298 orabant.

309 3335 360 3400 43.
383 3335 484 3418 lgitur
500 3336 585 3402 haec
602 3344 634 3402 et
652 3337 693 3402 de
709 3337 871 3402 Armenia
885 3355 972 3418 quae
987 3355 1089 3418 supra
1104 3335 1289 3401 memoravi
1307 3331 1401 3416 apud

247 3445 363 3522 patres
380 3440 545 3521 disseruit,
569 3459 632 3505 nec
657 3459 759 3522 posse
774 3447 900 3506 motum
917 3435 1089 3506 Orientem
1113 3441 1178 3503 nisi
1202 3436 1402 3504 Germanici

249 3545 417 3627 sapientia
433 3545 594 3625 conponi:
626 3563 706 3609 nam
731 3563 826 3608 suam
843 3549 990 3609 aetatem
1013 3561 1161 3626 vergere,
1184 3541 1282 3606 Drusi
1307 3562 1401 3607 non-

247 3648 326 3713 dum
343 3649 426 3713 satis
442 3648 639 3714 adolevisse.
667 3648 761 3713 Tunc
793 3648 929 3714 decreto
953 3653 1085 3728 patrum
1101 3646 1285 3728 permissae
1310 3645 1403 3712 Ger-

221 3753 385 3820 5666166
402 3751 608 3831 provinciae,
632 3770 719 3834 quae
750 3753 836 3816 mari
855 3751 1054 3828 dividuntur,
1083 3752 1257 3833 maiusque
1286 3753 1401 3833 impe-

247 3855 344 3930 rium,
360 3872 493 3936 quoquo
511 3855 644 3934 adisset,
669 3873 770 3937 quarn
786 3857 835 3934 iis,
859 3857 916 3939 qui
932 3862 1022 3920 sorte
1039 3861 1098 3919 aut
1112 3857 1216 3920 missu
1232 3857 1404 3938 principis

251 3955 450 4020 obtinerent.
473 3956 538 4021 Sed
556 3955 708 4022 Tiberius
724 3959 919 4023 demoverat
935 3957 1033 4023 Suria
1050 3957 1218 4024 Creticum
1233 3957 1403 4038 Silanum,

251 4073 309 4136 per
323 4058 531 4122 adfinitatem
547 4076 711 4124 conexum
731 4058 942 4140 Germanico,
966 4063 1044 4142 quia
1060 4060 1167 4126 Silani
1185 4059 1252 4125 filia
1268 4060 1405 4127 Neroni
