3010 4430
231 185 274 250 26
669 205 821 252 coauntn
837 203 961 251 raeiri.

230 375 320 439 lecta
337 374 462 440 Tiberii
488 376 833 441 nurusnocentiores
856 394 917 440 vos
942 375 1054 441 iaciat.
1086 376 1171 458 Quid
1203 379 1293 442 enim
1324 396 1385 459 per

230 479 293 542 hos
319 479 390 552 dies
416 480 572 545 inausum
597 480 880 546 intemeratumve
904 479 1029 546 vobis?
1052 480 1149 560 Quod
1164 498 1290 546 nomen
1305 481 1385 546 huic

231 583 344 647 coetui
360 583 448 648 dabo
462 583 479 646 C>
494 582 661 650 Militesne
678 585 854 668 appellem,
865 587 922 669 qui
938 584 1040 650 filium
1057 585 1271 665 imperatoris
1281 586 1385 650 vestri

188 704 221 758 10
230 687 319 753 vallo
337 693 370 752 et
386 690 490 754 armis
505 689 795 756 circumsedistis?
823 689 875 754 An
892 691 992 768 cives,
1008 690 1129 772 quibus
1144 695 1214 754 tam
1233 691 1386 770 proiecta

234 798 374 858 senatus
386 794 596 860 auctoritas?
609 795 762 860 Hostium
779 813 912 877 quoque
928 795 979 859 ius
996 801 1029 860 et
1044 812 1143 859 sacra
1159 792 1336 876 legationis
1352 799 1386 859 et

231 896 283 961 las
299 899 446 978 gentium
462 899 608 978 rupistis.
633 898 736 963 Divus
759 898 860 963 lulius
876 899 1077 965 seditionem
1094 899 1262 964 exercitus
1277 898 1385 964 verbo

230 1020 298 1067 uno
315 1003 532 1084 compescuit,
549 1001 694 1080 Quirites
710 1002 867 1067 vocando
892 1003 949 1085 qui
965 1007 1216 1067 sacramentum
1234 1003 1306 1067 eius
1323 1003 1384 1067 de-

231 1105 440 1170 trectabant:
471 1106 567 1169 divus
593 1104 761 1187 Augustus
783 1106 877 1170 vultu
893 1111 926 1170 et
943 1111 1081 1187 aspectu
1097 1105 1255 1183 Actiacas
1280 1106 1385 1188 legio-

188 1225 223 1279 15
234 1227 294 1274 nes
319 1209 498 1274 exterruit:
529 1227 593 1274 nos
618 1215 653 1273 ut
678 1211 828 1275 nondum
853 1209 999 1290 eosdem,
1030 1210 1078 1274 ita
1103 1227 1144 1274 ex
1164 1209 1231 1273 illis
1247 1218 1341 1277 ortos
1357 1214 1386 1278 si

231 1315 413 1408 Hispaniae
429 1315 591 1382 Suriaeve
607 1316 702 1381 miles
720 1322 968 1398 aspernaretur,
993 1321 1108 1380 tamen
1130 1316 1251 1381 mirum
1277 1322 1308 1380 et
1334 1318 1386 1379 in-

232 1421 366 1504 dignum
383 1429 464 1488 erat.
489 1422 645 1487 Primane
663 1430 696 1488 et
711 1424 898 1488 vicensima
914 1423 1071 1504 legiones,
1096 1421 1154 1486 illa
1170 1421 1273 1502 signis
1291 1439 1312 1484 a
1327 1419 1385 1484 Ti-

230 1525 325 1590 berio
342 1527 499 1606 acceptis
524 1532 560 1590 tu
579 1532 630 1591 tot
655 1527 859 1607 proeliorum
886 1527 988 1606 socia,
1015 1531 1065 1591 tot
1090 1525 1249 1606 praemiis
1274 1531 1386 1602 aucta,

234 1631 399 1711 egregiam
417 1631 493 1695 duci
517 1636 632 1696 vestro
658 1633 801 1712 gratiam
818 1629 980 1696 refertis?
1012 1631 1108 1695 Hunc
1139 1648 1200 1710 ego
1232 1629 1385 1693 nuntium

188 1752 224 1804 ao
233 1737 330 1816 patri,
346 1736 437 1800 laeta
453 1736 568 1802 omnia
598 1736 707 1801 aliise
728 1723 912 1816 provinciis
937 1735 1096 1815 audienti,
1121 1730 1255 1804 ieram?
1279 1733 1387 1815 Ipsius

231 1840 368 1920 tirones,
385 1841 490 1920 ipsius
506 1847 688 1905 veteranos
704 1859 773 1905 non
789 1840 959 1920 missione,
984 1856 1053 1903 non
1069 1838 1213 1920 pecunia
1228 1837 1388 1902 satiatos:

231 1945 285 2009 hic
301 1949 433 2008 tantum
449 1943 592 2010 interfici
608 1945 834 2021 centuriones
847 1945 911 2008 eici
927 1943 1089 2023 tribunos,
1106 1942 1232 2007 includi
1249 1943 1387 2022 legatos

234 2048 359 2114 inlecta
376 2049 539 2130 sanguine
555 2054 679 2126 castra,
709 2047 857 2126 flumina,
886 2065 1006 2130 meque
1032 2045 1219 2128 precariam
1238 2045 1387 2110 animam

233 2154 321 2218 inter
336 2153 486 2217 infensos
503 2154 648 2217 trahere.

332 2255 383 2319 43.
399 2252 466 2319 Cur
483 2255 571 2319 enim
587 2255 695 2335 primo
710 2255 879 2319 contionis
889 2253 943 2319 die
954 2251 1078 2317 ferrum
1090 2252 1180 2332 illud,
1197 2251 1287 2335 quod
1303 2270 1383 2333 pec·
1490 2239 1491 2288 4

231 2359 297 2422 tori
328 2375 402 2421 meo
428 2356 564 2438 infigere
590 2357 764 2437 parabam,
790 2357 992 2434 detraxistis
1018 2376 1037 2421 0
1063 2357 1232 2437 inprovidi
1259 2355 1387 2420 amici?

232 2461 352 2526 Melius
378 2468 411 2526 et
436 2463 605 2526 amantius
632 2461 687 2526 ille
713 2463 770 2544 qui
795 2461 943 2543 gladium
975 2460 1147 2526 ollerebat.
1182 2459 1387 2525 Cecidissem

234 2571 325 2630 certe
339 2565 488 2629 nondum
505 2571 555 2630 tot
579 2565 780 2648 flagitiorum
806 2565 970 2631 exercitui
986 2582 1061 2629 meo
1088 2566 1263 2642 conscius;
1289 2563 1387 2644 legis·
1489 2645 1490 2658 ἵ

205 2671 313 2740 ssetis
339 2670 466 2749 ducem,
491 2671 547 2753 qui
574 2688 684 2735 meam
709 2671 844 2753 quidem
869 2674 1012 2733 mortem
1038 2669 1228 2748 inpunitam
1252 2669 1388 2748 sineret,
1489 2683 1490 2698 ¹

232 2773 313 2838 Vari
330 2779 445 2837 tamen
461 2779 494 2838 et
511 2774 612 2837 trium
637 2774 805 2856 legionum
836 2772 1064 2838 ulcisceretur.
1095 2771 1211 2854 Neque
1237 2773 1328 2837 euim
1353 2772 1387 2836 di

233 2879 346 2941 sinant
361 2883 397 2940 ut
414 2877 590 2958 Belgarum
606 2896 812 2962 quamquam
829 2876 1040 2943 offerentium
1056 2877 1158 2942 decus
1174 2877 1262 2940 istud
1273 2882 1306 2941 et
1316 2876 1388 2940 cla-

233 2981 346 3046 ritudo
363 2981 414 3060 sit,
431 2981 628 3047 subvenisse
653 2981 807 3046 Romano
824 2981 960 3059 nomini,
985 2980 1225 3058 compressisse
1242 2978 1385 3045 Germa·
1488 3039 1489 3042 ,

235 3088 312 3151 niae
338 3085 488 3166 populos.
513 3084 594 3164 Tua,
611 3086 687 3150 dive
703 3086 861 3169 Auguste,
892 3084 987 3150 caelo
1018 3091 1156 3170 recepta
1186 3103 1291 3163 mens
1319 3090 1389 3165 tua,

189 3207 223 3260 10
233 3194 329 3270 pater
354 3188 469 3268 Druse,
496 3190 615 3271 imago,
640 3191 688 3254 tui
705 3190 870 3255 memoria
886 3188 992 3253 isdem
1018 3189 1091 3253 istis
1115 3207 1191 3252 curn
1216 3187 1388 3268 militibus

233 3311 317 3373 quos
333 3292 400 3355 iam
418 3291 526 3371 pudor
542 3299 575 3360 et
591 3293 697 3374 gloria
713 3293 827 3371 intrat,
852 3293 967 3358 eluant
992 3291 1082 3356 hanc
1106 3291 1274 3356 maculam
1299 3293 1386 3357 iras·
1487 3371 1488 3382 ἵ

232 3414 296 3479 que
313 3395 427 3460 civiles
442 3396 477 3458 in
494 3397 632 3460 exitium
647 3397 802 3461 hostibus
817 3401 961 3462 vertant.
983 3394 1052 3460 Vos
1077 3413 1218 3478 quoque,
1243 3414 1386 3478 quorum
1487 3391 1488 3404 ¹

232 3500 299 3564 alia
323 3517 413 3563 nunc
444 3518 514 3579 ora,
544 3500 611 3566 alia
636 3507 775 3581 pectora
816 3508 987 3580 contueor,
1027 3502 1055 3564 si
1085 3500 1214 3580 legatos
1245 3504 1389 3584 senatui,

232 3605 430 3687 obsequium
446 3605 653 3685 imperatori,
683 3607 711 3670 si
737 3606 819 3670 mihi
844 3607 1019 3688 coniugem
1045 3604 1206 3670 etlilium
1236 3607 1388 3689 redditis,

190 3726 221 3777 15
232 3709 394 3774 discedite
410 3730 431 3776 a
447 3715 607 3776 contactu
624 3727 664 3774 ac
680 3710 818 3776 dividite
835 3709 1005 3774 turbidos:
1021 3709 1054 3774 id
1071 3708 1191 3774 stabile
1207 3709 1249 3774 ad
1266 3711 1384 3791 paeni-

231 3813 381 3894 tentiam,
398 3816 431 3879 id
447 3815 524 3881 fidei
539 3816 710 3881 vinculum
730 3815 810 3881 erit’

335 3917 387 3982 44.
411 3919 585 4000 Supplices
601 3919 645 3984 ad
661 3920 745 3984 baec
763 3926 796 3984 et
820 3938 902 3984 vera
927 3915 1127 3998 exprobrari
1143 3915 1289 3984 latentes
1307 3937 1385 3984 ora·

231 4019 315 4084 bant
332 4022 466 4100 puniret
481 4023 612 4102 noxios,
637 4023 828 4104 ignosceret
844 4023 947 4103 lapsis
964 4028 997 4086 et
1013 4019 1151 4085 duceret
1176 4021 1211 4084 in
1236 4021 1387 4088 hostem:
