3010 4430
469 248 511 296 ΑΒ
527 249 668 297 excessu
678 248 817 298 iueusrr
833 231 867 294 ll.
887 231 1022 298 14-20.
1256 229 1298 294 55

141 422 275 502 campis
293 421 502 500 adstiterant
521 423 556 487 in
572 423 691 487 silvam
708 421 862 488 ruebant.
893 421 992 488 Medii
1017 423 1105 488 inter
1130 423 1192 486 hos
1209 421 1343 491 Che-10

141 526 236 592 rusci
267 524 409 590 collibus
435 526 709 608 detrudebantur‚
740 528 828 592 iuter
853 546 938 610 quos
962 529 1102 609 insignis
1127 525 1298 592 Arminius
1342 574 1347 580 .

143 649 250 694 manu
265 649 349 695 voce
365 631 503 696 vulnere
530 633 743 698 sustentabat
768 651 922 714 pugnam.
947 633 1217 716 incubueratque
1243 651 1298 698 sa-

142 733 300 816 gittariis
315 735 374 800 illa
389 742 558 817 rupturus,
583 738 618 802 ni
634 737 818 802 Raetorum
834 733 1152 819 Vindelicorumque
1168 743 1202 802 et
1218 735 1297 802 Gal·

144 839 232 904 licae
249 840 406 906 cohortes
431 843 528 923 signa
552 842 764 907 obiecissent.
788 841 871 905 Nisu
887 847 1002 906 tamen
1019 843 1172 922 corporis
1189 846 1222 907 et
1238 844 1298 906 im-

141 948 225 1022 ·petu
241 943 319 1026 equi
334 946 492 1026 pervasit,
511 946 635 1014 oblitus
653 945 772 1011 faciem
790 965 851 1010 suo
868 963 999 1026 eruore,
1024 964 1067 1010 ne
1088 951 1295 1011 nosceretur.
1308 964 1341 1016 15

144 1046 288 1127 Quidam
307 1047 479 1130 adgnitum
496 1069 516 1114 a
541 1048 687 1115 Chaucis
703 1051 791 1114 inter
807 1049 933 1115 auxilia
949 1049 1105 1114 Romana
1122 1049 1297 1131 agentibus

143 1153 372 1234 emissumque
388 1146 608 1219 tradiderunt.
632 1154 747 1219 Virtus
766 1173 825 1220 seu
841 1153 934 1218 fraus
950 1155 1070 1219 eadem
1087 1154 1297 1234 Inguiomero

141 1251 301 1336 eiiu‘gium
326 1255 432 1320 dedit:
464 1260 567 1324 ceteri
593 1259 720 1339 passim
744 1259 912 1323 trucidati,
945 1258 985 1322 Et
1014 1258 1193 1340 plerosque
1225 1264 1293 1322 tra·

145 1375 231 1423 nare
246 1359 413 1440 Visurgim
438 1368 602 1426 conantes
619 1363 744 1427 iniecta
769 1362 837 1428 tela
863 1368 922 1428 aut
952 1363 1003 1427 vis
1033 1361 1187 1440 fluminis,
1219 1381 1297 1444 pos-

145 1470 255 1527 tremo
270 1464 375 1528 moles
391 1467 561 1530 ruentium
578 1473 611 1532 et
627 1467 814 1532 incidentes
839 1467 936 1547 ripae
959 1484 1129 1546 operuere.
1153 1465 1296 1545 Quidam
1308 1481 1344 1534 no

145 1565 237 1646 turpi
253 1565 329 1648 luga
345 1569 379 1631 in
395 1587 527 1634 summa
548 1570 707 1635 arborum
732 1571 797 1634 nisi
822 1571 993 1653 ramisque
1018 1589 1054 1635 se
1085 1568 1295 1634 occultantes

144 1671 291 1736 admotis
307 1673 490 1754 sagittariis
500 1691 560 1753 per
570 1673 750 1738 ludibrium
760 1673 954 1755 figebantur,
972 1674 1058 1739 alios
1068 1680 1228 1755 prorutae
1240 1692 1295 1738 ar-

143 1773 430 1841 boresadllixere.
656 1779 659 1788 '
742 1792 744 1794 ’

253 1879 299 1943 18.
323 1879 444 1960 Magna
460 1899 500 1945 ea
516 1881 660 1946 victoria
675 1900 785 1964 neque
804 1888 946 1948 cruenta
961 1882 1060 1947 nobis
1077 1881 1146 1945 fuit.
1171 1877 1295 1960 Quinta

142 1981 191 2046 ab
206 1984 291 2048 hora
307 1985 375 2049 diei
391 1985 434 2050 ad
458 1991 593 2050 noctem
619 1987 709 2050 caesi
733 1987 849 2051 hostes
874 1987 991 2052 decern
1017 1986 1110 2050 milia
1135 2004 1294 2066 passuum
1333 2005 1336 2010 ·

140 2087 369 2152 cadaveribus
386 2094 487 2170 atque
504 2090 607 2153 armis
628 2089 818 2172 opplevere,
841 2090 984 2171 repertis
1009 2091 1097 2154 inter
1113 2090 1221 2170 spolia
1238 2106 1294 2153 eo-

140 2209 218 2255 rum
235 2193 373 2270 catenis,
395 2211 480 2274 quas
497 2193 532 2256 in
549 2194 719 2258 Romanos
744 2200 783 2256 ut
798 2212 865 2258 non
878 2192 981 2258 dubio
998 2199 1121 2258 eventu
1137 2199 1295 2274 portave-

138 2302 230 2360 rant.
253 2295 346 2362 Miles
363 2297 398 2360 in
422 2297 497 2362 loco
522 2298 641 2379 proelii
668 2297 839 2363 Tiberium
870 2300 1110 2380 imperatorem
1135 2297 1295 2362 salutarit
1322 2313 1339 2364 5

139 2401 333 2484 struxitque
351 2420 505 2484 aggerem
523 2408 556 2468 et
573 2404 607 2466 in
623 2403 760 2467 modum
777 2409 994 2484 tropaeorum
1010 2421 1105 2468 arma
1122 2401 1293 2480 subscrip·
1370 2438 1373 2443 -

138 2507 188 2569 tis
204 2505 369 2571 victarum
387 2507 535 2587 gentium
552 2507 745 2571 nominibus
762 2508 930 2588 imposuit.

251 2610 298 2674 19.
332 2610 429 2674 Haud
460 2610 600 2690 perinde
631 2608 819 2675 Germanos
843 2611 992 2688 vulnera,
1019 2611 1137 2688 luctus,
1163 2609 1295 2674 excidia

140 2733 246 2796 quam
263 2731 302 2778 ea
319 2715 449 2795 species
466 2713 582 2780 dolore
599 2720 631 2778 et
649 2715 700 2780 ira
726 2713 858 2779 adfecit.
883 2715 946 2794 Qui
971 2715 1072 2779 modo
1089 2714 1183 2778 abire
1209 2713 1295 2778 sedi-

136 2818 217 2897 bus,
233 2824 326 2882 trans
343 2818 453 2882 Albim
470 2819 657 2883 concedere
674 2817 851 2898 parabant,
881 2833 1025 2900 pugnam
1041 2818 1168 2895 volunt,
1199 2833 1294 2880 arma

141 2922 297 3002 rapiunt3
329 2921 443 3003 plebes
469 2923 642 3004 primores
671 2923 828 2987 iuventus
854 2940 952 2987 senes
969 2940 1088 3002 agmen
1100 2921 1295 2986 'Romanurn

141 3031 283 3106 repente
298 3027 482 3105 incursant,
498 3026 645 3090 turbant.
669 3026 844 3092 Postremo
869 3026 1016 3107 deligunt
1033 3027 1142 3090 locum
1159 3024 1295 3088 flumine
1322 3043 1339 3092 5

140 3135 178 3196 et
193 3130 285 3194 silvis
301 3131 461 3207 clausum,
479 3137 554 3194 arta
572 3132 664 3194 intus
680 3131 820 3211 planitie
837 3135 870 3194 et
885 3130 1017 3194 umida:
1043 3129 1145 3194 silvas
1162 3147 1295 3212 quoque

136 3231 311 3317 ‘profunda
341 3233 437 3316 palus
468 3234 628 3314 ambibat,
659 3236 724 3298 nisi
755 3234 845 3316 quod
870 3233 958 3298 latus
981 3252 1085 3296 unum
1104 3231 1295 3316 Angrivarii

138 3339 214 3402 lato
231 3354 349 3418 aggere
366 3337 566 3418 extulerant,
582 3357 648 3421 quo
666 3357 686 3401 a
702 3335 880 3403 Cheruscis
890 3337 1135 3404 dirimerentur.
1159 3337 1219 3402 Hic
1236 3355 1295 3418 pe-

133 3441 203 3506 ·des
221 3441 367 3521 adstitit;
384 3441 529 3524 equitem
545 3442 743 3523 propinquis
758 3441 843 3506 lucis
859 3447 982 3519 texere,
1010 3447 1046 3505 ut
1060 3441 1219 3523 ingressis
1236 3439 1295 3503 sil·

140 3565 222 3610 vam
238 3545 424 3628 legionibus
441 3564 461 3610 a
477 3551 569 3626 tergo
587 3545 679 3611 foret.
1280 3578 1283 3582 ·
1307 3561 1340 3612 ro

248 3649 299 3714 20.
321 3648 412 3713 Nihil
431 3667 487 3713 *ex
517 3649 558 3713 iis
588 3648 726 3714 Caesari
757 3651 982 3731 incognitum:
1021 3649 1163 3714 consilia
1194 3647 1294 3724 locos,

140 3763 298 3840 prompta
315 3756 447 3821 occulta
464 3763 608 3820 noverat
624 3763 783 3839 astusque
800 3757 946 3821 hostium
963 3757 998 3819 in
1015 3756 1197 3836 perniciem
1213 3755 1294 3834 ipsis

140 3861 306 3928 vertebat.
330 3859 408 3926 Seio
425 3858 595 3924 Tuberoni
619 3861 730 3941 legato
755 3861 859 3924 tradit
883 3861 1029 3942 equitem
1055 3876 1295 3940 campumque;

133 3964 294 4049 ¹peditum
319 3963 426 4028 aciem
451 3963 499 4026 ita
524 3963 692 4044 instruxit,
722 3970 759 4028 ut
786 3982 866 4044 pars
891 3983 999 4046 aequo
1015 3963 1050 4025 iu
1066 3961 1184 4026 silvam
1201 3963 1294 4027 aditu

133 4065 324 4144 “incederet
348 4085 427 4147 pars
441 4063 620 4132 obiectum
640 4085 794 4150 aggerem
811 4068 1011 4144 eniteretur;
1042 4065 1130 4148 quod
1152 4067 1293 4131 arduum
1320 4083 1338 4136 5
