906 1252
207 444 219 459 1.
228 443 289 460 Urbem
297 444 367 460 Romam
376 449 386 460 a
394 445 477 465 principio
485 449 532 465 reges
540 444 623 464 habuere;
632 444 729 460 libertatem

153 471 170 486 et
178 470 284 486 consulatum
292 470 308 486 L.
314 470 374 486 Brutus
383 471 459 487 instituit.
467 470 564 487 Dietaturue
573 470 594 486 ad
599 472 665 490 tempus
673 475 729 486 sume>

153 496 225 516 hautun
237 500 291 517 neque
304 496 420 513 decemviralis
428 498 503 517 potestas
515 496 559 513 ulti-a
572 496 663 516 biennium,
674 500 728 516 neque

152 521 260 538 tribunorum
268 522 337 538 militum
343 523 432 539 consulare
440 523 466 539 ius
474 523 502 539 diu
510 522 566 539 valuit.
574 522 611 539 Non
617 522 685 542 Cinnae,
693 526 728 538 nou

153 547 210 564 Sullae
218 548 267 569 longa
275 548 376 567 dominatio;
387 550 403 565 et
411 548 480 569 Pompei
487 548 577 569 Crassique
585 549 661 568 potentia
669 548 702 564 cito
711 548 728 564 in
742 552 750 564 5

154 573 249 594 Caesa-reruy
261 574 318 594 Lepidi
330 576 380 595 atque
393 574 461 590 Antonii
472 579 520 590 arma
528 575 545 590 in
553 574 645 594 Augustum
658 578 728 593 cessere,

152 599 182 620 qui
190 601 250 616 cuncta
258 600 347 616 discordiis
355 600 432 616 civilibus
440 600 485 616 fessa
493 600 562 616 nomine
570 600 650 620 principis
657 599 688 615 sub
697 600 728 615 im-

152 626 217 646 perium
225 626 294 646 accepit.
303 626 336 643 Sed
343 627 405 643 veteris
413 626 470 647 populi
479 626 550 643 Romani
563 630 644 646 prospera
656 626 684 642 vel
695 626 726 642 ad-

151 656 203 667 versa
220 652 270 668 elaris
285 652 396 672 scriptoribus
411 654 505 669 memorata
522 654 569 671 eunt;
589 652 725 672 temporibusque

151 677 221 698 Augusti
229 678 304 694 dicendis
313 683 347 694 non
355 678 423 695 defuere
431 679 492 695 decora
501 679 572 699 ingenia,
585 678 638 694 donec
646 678 726 698 gliscente
733 682 749 695 ιο

151 703 250 720 adulatione
258 704 387 721 deterrerentur.
399 704 462 720 Tiberii
474 704 538 725 Gaique
546 706 563 720 et
571 704 637 720 Claudii
645 709 665 720 ac
673 703 727 720 Nero>

152 729 179 745 uis
187 734 214 746 ren
222 729 320 746 florentibus
328 730 369 750 ipsis
377 730 398 746 oh
412 732 474 746 metum
486 730 545 749 falsae,
558 732 647 751 postquam
659 730 727 746 occide-

151 757 196 775 rant,
208 756 304 772 recentibus
312 756 355 772 odiis
362 757 466 777 compositae
474 758 517 772 sunt.
531 756 571 772 Inde
584 756 673 772 consilium
685 756 726 772 mihi

151 785 206 801 pauca
214 782 235 798 de
242 781 318 802 Augusto
326 784 343 798 et
350 784 426 799 extrema
434 783 506 803 tradere,
518 787 557 798 mox
569 782 632 798 Tiberii
640 782 726 803 principa-

151 808 187 823 tum
195 809 212 823 et
219 809 281 827 cetera,
289 808 325 824 siue
333 808 359 824 ira
367 810 383 824 et
393 808 453 827 studio,
461 813 532 829 quorum
538 813 598 825 causas
603 808 661 828 procul
666 808 725 824 habeo.
733 812 748 825 15

203 833 217 849 2.
225 833 316 854 Postquam
324 834 376 850 Bruto
385 836 401 850 et
409 834 468 850 Cassio
477 834 531 850 caesis
537 834 583 850 nulla
589 834 621 850 iam
627 833 694 854 publica
700 838 726 849 ar-

151 864 184 878 ma,
192 859 282 880 Pompeius
290 860 334 880 apud
342 860 417 876 Siciliam
425 865 516 881 oppressus
525 862 609 881 exutoque
621 860 688 880 Lepido,
701 860 727 875 in-

150 885 222 901 terfecto
235 885 308 902 Antonio
316 891 337 902 ne
345 886 414 902 Iulianis
421 886 489 907 quidem
497 886 574 906 partibus
583 886 615 902 nisi
622 885 685 902 Caesar
693 886 727 902 dux

150 911 231 932 reliquus,
238 912 293 932 posito
301 912 384 928 triumviri
397 913 464 929 nomine
477 912 565 928 consulem
578 917 596 928 se
608 912 664 928 serens
675 913 692 928 et
705 912 726 928 ad

150 937 230 954 tuendam
238 938 304 958 plebem
312 938 402 954 tribunicio
410 938 446 954 iure
454 940 556 959 contentum,
565 938 593 954 ubi
598 938 669 954 militem
673 938 726 957 donis,
740 942 748 954 5

150 964 230 984 populum
238 969 311 984 annona,
326 966 396 981 cunctos
409 964 497 981 dulcedine
510 965 540 981 otii
553 964 625 985 pellexit,
640 965 725 985 insurgere

149 989 237 1010 paulatim,
249 990 307 1006 munia
314 992 383 1006 senatus
390 991 518 1011 magistratuum
526 990 580 1011 legum
593 991 610 1006 in
622 995 641 1006 se
653 990 725 1009 trahere,

150 1015 196 1032 nullo
205 1015 310 1035 adversante,
319 1020 357 1032 cum
365 1016 465 1032 ferocissimi
473 1021 503 1037 pei·
512 1016 557 1032 acies
562 1018 591 1032 aut
602 1016 725 1036 proscriptione

149 1041 255 1061 cecidissent.
264 1042 315 1058 ceteri
323 1041 409 1062 nobilium,
424 1044 488 1063 quanto
501 1042 538 1063 quis
550 1042 619 1058 sei-vitio
628 1042 725 1062 promptior.

149 1068 211 1088 opibus
222 1070 239 1084 et
246 1068 339 1084 honoribus
354 1068 474 1085 extollerentur
490 1073 510 1085 ae
523 1069 571 1084 novis
584 1073 604 1084 ex
616 1068 667 1084 rebus
680 1068 724 1085 aucti
731 1071 747 1085 to

149 1095 188 1111 tuta
195 1096 213 1111 et
220 1094 316 1115 praesentia
323 1099 374 1116 quam
382 1096 440 1111 vetera
452 1096 470 1111 et
478 1094 573 1115 periculosa
581 1094 655 1111 mallent
667 1094 725 1115 Neque
