3010 4430
241 223 283 286 44
679 207 832 285 conunnn
848 205 956 286 raeiri

239 411 418 492 religiones
435 412 614 487 sociorum,
631 411 687 492 qui
704 429 803 475 sacra
819 416 852 474 et
876 411 970 474 lucos
987 417 1019 474 et
1036 429 1113 474 aras
1139 411 1258 490 patriis
1277 411 1393 473 'amni-

239 517 302 580 bus
318 516 522 580 dicaverint:
548 517 628 596 quin
644 515 753 594 ipsum
770 513 919 578 Tiberim
935 513 1024 579 nolle
1039 533 1176 596 prorsus
1192 514 1317 580 accolis
1333 513 1394 578 ilu-

199 621 304 690 15viis
336 621 503 687 orbatum·
524 621 655 683 minore
682 617 791 698 gloria
815 619 927 682 flucre.
951 618 1017 684 Seu
1042 638 1159 699 preces
1184 619 1395 684 coloniarum

239 742 300 789 seu
316 723 496 789 difficultas
513 742 655 803 operum
672 727 743 787 sive
760 723 954 802 superstitio
972 723 1087 800 valuit,
1102 726 1181 786 utin
1192 723 1394 808 sententiam

239 827 371 892 Pisonis
387 829 640 906 concederetur,
656 827 713 908 qui
730 825 777 888 nil
793 827 991 891 mutandum
1007 831 1193 891 censuerat.

343 931 393 996 80.
418 933 624 1012 Prorogatur
650 931 812 1010 Poppaeo
839 929 964 996 Sabino
981 932 1156 1011 provincia
1171 930 1308 1010 Moesia,
1333 931 1393 994 ad-

240 1031 317 1102 ditis
333 1038 465 1102 Achaia
491 1057 531 1101 ac
556 1036 764 1102 Macedonia.
798 1036 833 1099 ld
859 1055 991 1120 quoque
1017 1055 1148 1102 morum
1174 1036 1299 1101 Tiberii
1324 1035 1394 1113 fuit,

241 1143 441 1206 continuare
459 1142 601 1221 imperia
627 1159 668 1205 ac
694 1141 873 1221 plerosque
906 1141 948 1204 ad
980 1140 1080 1204 linem
1112 1141 1203 1204 vitae
1227 1140 1262 1202 in
1287 1139 1395 1204 isdem

240 1241 444 1310 exercitibus
461 1251 519 1308 aut
535 1244 825 1309 iurisdictionibus
836 1244 971 1308 habere.
988 1243 1118 1308 Causae
1129 1245 1244 1307 variae
1256 1243 1394 1306 tradun-

213 1356 312 1419 5tur:
339 1349 396 1413 alii
412 1350 526 1414 taedio
544 1367 653 1434 novae
670 1368 773 1414 curae
789 1349 892 1412 semel
918 1348 1043 1428 placita
1061 1367 1122 1428 pro
1149 1349 1295 1412 aeternis
1321 1366 1393 1410 ser-

239 1455 381 1532 vavisse,
398 1454 535 1535 quidam
551 1453 688 1532 invidia,
713 1471 755 1516 ne
781 1453 892 1532 plnres
918 1451 1125 1531 fruerentur,
1155 1457 1232 1515 sunt
1247 1451 1303 1532 qui
1320 1453 1392 1514 exi-

240 1561 386 1636 stiment,
403 1563 440 1640 ut
457 1556 616 1621 callidum
634 1557 705 1619 eius
721 1557 902 1637 ingenium,
919 1557 967 1619 ita
985 1557 1121 1620 anxium
1138 1555 1315 1632 indicium3
1332 1573 1392 1618 ne·

242 1680 306 1745 que
324 1663 412 1726 enim
429 1661 607 1725 eminentis
623 1662 764 1724 virtutes
781 1659 986 1737 sectabatur,
1002 1665 1034 1724 et
1050 1679 1183 1723 rursum
1212 1659 1295 1722 vitia
1311 1658 1392 1721 ode-

240 1769 310 1828 rat:
337 1784 378 1828 ex
395 1765 529 1845 optimis
546 1764 730 1843 periculum
747 1763 819 1840 sibi,
835 1747 865 1827 'a
881 1765 1036 1844 pessimis
1052 1765 1197 1828 dedecus
1222 1762 1392 1844 publicum

203 1869 425 1936 tometuebat.
450 1867 522 1948 Qua
546 1867 770 1932 haesitatione
799 1873 972 1948 postremo
998 1886 1037 1932 eo
1063 1874 1241 1949 provectus
1267 1874 1328 1946 est,
1357 1875 1392 1930 ut

240 1972 454 2052 mandaverit
470 1972 670 2056 quibusdam
686 1973 888 2052 provincias,
910 1983 993 2054 quos
1010 1972 1121 2054 egredi
1137 1971 1220 2036 urbe
1237 1978 1393 2035 nouerat

243 2059 411 2157 passurus.
443 2057 447 2066 ⁵

342 2181 398 2244 814
409 2181 455 2244 De
467 2180 613 2245 comitiis
624 2179 868 2255 consularibus
884 2198 971 2261 quae
986 2185 1056 2243 tum
1074 2180 1217 2260 primum
1234 2179 1289 2242 illo
1300 2179 1393 2270 'prin-

241 2286 315 2363 cipe
332 2302 372 2346 ac
390 2284 549 2362 deinceps
566 2282 668 2361 suere,
684 2284 741 2345 vix
758 2284 936 2364 quicquam
950 2283 1084 2348 firmare
1101 2285 1226 2347 ausim:
1242 2283 1328 2346 adeo
1345 2283 1393 2345 di-

241 2405 420 2451 versanon
437 2387 537 2450 modo
555 2387 645 2467 apud
663 2393 828 2465 auctores,
849 2388 957 2450 sedin
974 2388 1078 2466 ipsius
1104 2386 1315 2451 orationibus
1340 2404 1392 2448 re-

241 2492 426 2571 periuntur.
447 2491 546 2555 blodo
564 2491 746 2554 subtractis
756 2489 1016 2555 candidatorum
1026 2492 1218 2556 nominibus
1230 2492 1391 2570 originem

212 2597 404 2679 acutosque
421 2603 454 2658 et
470 2597 575 2659 vitam
592 2602 624 2660 et
641 2596 808 2676 stipendia
825 2596 1012 2678 descripsit,
1038 2597 1148 2678 utqui
1165 2595 1276 2660 forent
1292 2595 1391 2659 intel-

239 2701 423 2780 legeretur,
449 2700 630 2782 aliquando
647 2718 688 2763 ea
705 2719 836 2782 quoque
853 2700 1098 2781 significatione
1117 2701 1292 2764 subtracta
1309 2718 1391 2763 can-

181 2842 184 2848 ·
240 2804 373 2867 didatos
389 2804 554 2879 hortatus
584 2803 781 2866 ne‘ambitu
805 2805 942 2867 comitia
968 2803 1154 2881 turbarent,
1187 2821 1282 2867 suam
1299 2803 1342 2867 ad
1359 2803 1389 2864 id

240 2925 357 2969 curam
374 2907 543 2985 pollicitus
560 2912 617 2970 est.
634 2905 836 2988 Plerumque
851 2924 909 2971 eos
926 2913 1059 2971 tantum
1070 2909 1158 2988 apud
1169 2925 1205 2971 se
1221 2905 1391 2986 professos

238 3010 405 3090 disseruit,
421 3029 563 3091 quorum
579 3010 718 3073 nomina
734 3011 930 3074 consulibus
947 3010 1124 3090 edidisset;
1145 3030 1243 3092 posse
1258 3017 1291 3074 et
1307 3011 1391 3074 alios

196 3129 230 3186 10
241 3111 398 3192 profiteri,
423 3115 451 3177 si
477 3114 605 3194 gratiae
622 3118 680 3176 aut
696 3115 824 3177 meritis
840 3114 1066 3194 confiderent;
1098 3116 1254 3195 speciosa
1270 3113 1391 3190 verbis

240 3235 276 3280 re
290 3218 406 3280 inania
423 3224 482 3280 aut
507 3215 657 3296 subdola,
683 3222 876 3300 quantoque
902 3219 1030 3282 maiore
1056 3219 1222 3282 libertatis
1248 3219 1391 3300 imagine

240 3319 449 3402 tegebantur,
464 3327 560 3385 tanto
572 3328 734 3401 eruptura
751 3322 793 3386 ad
811 3321 972 3387 infensius
989 3323 1173 3386 servitium.
