<?xml version="1.0" encoding="UTF-8"?>
<!DOCTYPE html PUBLIC "-//W3C//DTD XHTML 1.0 Transitional//EN"
    "http://www.w3.org/TR/xhtml1/DTD/xhtml1-transitional.dtd">
<html xmlns="http://www.w3.org/1999/xhtml" xml:lang="en" lang="en">
 <head>
  <title>
</title>
<meta http-equiv="Content-Type" content="text/html;charset=utf-8" />
  <meta name='ocr-system' content='tesseract 3.04.00' />
  <meta name='ocr-capabilities' content='ocr_page ocr_carea ocr_par ocr_line ocrx_word'/>
</head>
<body>
  <div class='ocr_page' id='page_1' title='image "annalen00koesgoog_0095.png"; bbox 0 0 906 1252; ppageno 0'>
   <div class='ocr_carea' id='block_1_1' title="bbox 210 144 568 160">
    <p class='ocr_par' dir='ltr' id='par_1_1' title="bbox 210 144 568 160">
     <span class='ocr_line' id='line_1_1' title="bbox 210 144 568 160; baseline 0 0"><span class='ocrx_word' id='word_1_1' title='bbox 210 144 231 160; x_wconf 81' lang='lat'>82</span> <span class='ocrx_word' id='word_1_2' title='bbox 430 148 506 160; x_wconf 68' lang='lat' dir='ltr'>conum-n</span> <span class='ocrx_word' id='word_1_3' title='bbox 514 148 568 160; x_wconf 69' lang='lat' dir='ltr'>’mern</span> 
     </span>
    </p>
   </div>
   <div class='ocr_carea' id='block_1_2' title="bbox 190 191 785 1092">
    <p class='ocr_par' dir='ltr' id='par_1_2' title="bbox 210 191 780 286">
     <span class='ocr_line' id='line_1_2' title="bbox 210 191 780 212; baseline 0 -5"><span class='ocrx_word' id='word_1_4' title='bbox 210 191 296 212; x_wconf 85' lang='lat' dir='ltr'>quendum</span> <span class='ocrx_word' id='word_1_5' title='bbox 304 191 355 207; x_wconf 84' lang='lat' dir='ltr'>etiam</span> <span class='ocrx_word' id='word_1_6' title='bbox 363 191 459 207; x_wconf 79' lang='lat' dir='ltr'>rumoribus</span> <span class='ocrx_word' id='word_1_7' title='bbox 467 193 537 211; x_wconf 82' lang='lat' dir='ltr'>tempus,</span> <span class='ocrx_word' id='word_1_8' title='bbox 545 196 578 212; x_wconf 83' lang='lat' dir='ltr'>quo</span> <span class='ocrx_word' id='word_1_9' title='bbox 584 193 682 207; x_wconf 80' lang='lat' dir='ltr'>senescant:</span> <span class='ocrx_word' id='word_1_10' title='bbox 690 191 780 212; x_wconf 79' lang='lat' dir='ltr'>plerumque</span> 
     </span>
     <span class='ocr_line' id='line_1_3' title="bbox 211 217 779 237; baseline 0.002 -4"><span class='ocrx_word' id='word_1_11' title='bbox 211 218 311 234; x_wconf 83' lang='lat' dir='ltr'>innocentes</span> <span class='ocrx_word' id='word_1_12' title='bbox 318 217 383 233; x_wconf 79' lang='lat' dir='ltr'>recenti</span> <span class='ocrx_word' id='word_1_13' title='bbox 391 217 465 233; x_wconf 86' lang='lat' dir='ltr'>invidiae</span> <span class='ocrx_word' id='word_1_14' title='bbox 473 217 545 237; x_wconf 83' lang='lat' dir='ltr'>inpares.</span> <span class='ocrx_word' id='word_1_15' title='bbox 558 217 579 233; x_wconf 84' lang='lat' dir='ltr'>At</span> <span class='ocrx_word' id='word_1_16' title='bbox 592 217 606 233; x_wconf 83' lang='lat' dir='ltr'>si</span> <span class='ocrx_word' id='word_1_17' title='bbox 618 218 676 233; x_wconf 83' lang='lat' dir='ltr'>teneat</span> <span class='ocrx_word' id='word_1_18' title='bbox 689 217 779 234; x_wconf 77' lang='lat' dir='ltr'>exercitum,</span> 
     </span>
     <span class='ocr_line' id='line_1_4' title="bbox 212 243 780 264; baseline 0 -5"><span class='ocrx_word' id='word_1_19' title='bbox 212 245 272 264; x_wconf 78' lang='lat' dir='ltr'>augeat</span> <span class='ocrx_word' id='word_1_20' title='bbox 279 243 329 263; x_wconf 84' lang='lat' dir='ltr'>vires,</span> <span class='ocrx_word' id='word_1_21' title='bbox 341 243 398 262; x_wconf 80' lang='lat' dir='ltr'>multa.</span> <span class='ocrx_word' id='word_1_22' title='bbox 411 248 454 264; x_wconf 83' lang='lat' dir='ltr'>quae</span> <span class='ocrx_word' id='word_1_23' title='bbox 467 243 552 264; x_wconf 85' lang='lat' dir='ltr'>provideri</span> <span class='ocrx_word' id='word_1_24' title='bbox 559 248 594 259; x_wconf 88' lang='lat' dir='ltr'>non</span> <span class='ocrx_word' id='word_1_25' title='bbox 606 243 677 263; x_wconf 73' lang='lat' dir='ltr'>possint,</span> <span class='ocrx_word' id='word_1_26' title='bbox 692 243 758 259; x_wconf 75' lang='lat' dir='ltr'>fortuito</span> <span class='ocrx_word' id='word_1_27' title='bbox 766 243 780 258; x_wconf 90' lang='lat' dir='ltr'>in</span> 
     </span>
     <span class='ocr_line' id='line_1_5' title="bbox 211 269 780 286; baseline 0 -1"><span class='ocrx_word' id='word_1_28' title='bbox 211 270 271 286; x_wconf 80' lang='lat' dir='ltr'>melius</span> <span class='ocrx_word' id='word_1_29' title='bbox 279 274 344 285; x_wconf 81' lang='lat' dir='ltr'>casura.</span> <span class='ocrx_word' id='word_1_30' title='bbox 357 269 388 285; x_wconf 77' lang='lat' dir='ltr'>&#39;An</span> <span class='ocrx_word' id='word_1_31' title='bbox 399 269 498 285; x_wconf 81' lang='lat' dir='ltr'>festinamus</span> <span class='ocrx_word' id='word_1_32' title='bbox 506 274 544 286; x_wconf 85' lang='lat' dir='ltr'>cum</span> <span class='ocrx_word' id='word_1_33' title='bbox 554 269 650 285; x_wconf 74' lang='lat' dir='ltr'>Germanici</span> <span class='ocrx_word' id='word_1_34' title='bbox 659 269 743 285; x_wconf 76' lang='lat' dir='ltr'>cineribus</span> <span class='ocrx_word' id='word_1_35' title='bbox 754 269 780 285; x_wconf 83' lang='lat' dir='ltr'>ad-</span> 
     </span>
    </p>

    <p class='ocr_par' dir='ltr' id='par_1_3' title="bbox 190 295 781 416">
     <span class='ocr_line' id='line_1_6' title="bbox 190 295 781 316; baseline -0.002 -4"><span class='ocrx_word' id='word_1_36' title='bbox 190 301 207 314; x_wconf 83' lang='lat'>1⁰</span> <span class='ocrx_word' id='word_1_37' title='bbox 212 296 278 316; x_wconf 79' lang='lat' dir='ltr'>pellere,</span> <span class='ocrx_word' id='word_1_38' title='bbox 290 297 309 311; x_wconf 83' lang='lat' dir='ltr'>ut</span> <span class='ocrx_word' id='word_1_39' title='bbox 316 297 333 312; x_wconf 83' lang='lat' dir='ltr'>te</span> <span class='ocrx_word' id='word_1_40' title='bbox 341 295 435 311; x_wconf 83' lang='lat' dir='ltr'>inauditum</span> <span class='ocrx_word' id='word_1_41' title='bbox 449 297 465 311; x_wconf 91' lang='lat' dir='ltr'>et</span> <span class='ocrx_word' id='word_1_42' title='bbox 478 295 583 312; x_wconf 83' lang='lat' dir='ltr'>indefensum</span> <span class='ocrx_word' id='word_1_43' title='bbox 595 295 673 316; x_wconf 85' lang='lat' dir='ltr'>planctus</span> <span class='ocrx_word' id='word_1_44' title='bbox 686 295 781 316; x_wconf 76' lang='lat' dir='ltr'>Agrippinae</span> 
     </span>
     <span class='ocr_line' id='line_1_7' title="bbox 212 321 780 342; baseline 0 -5"><span class='ocrx_word' id='word_1_45' title='bbox 212 327 232 338; x_wconf 82' lang='lat' dir='ltr'>ac</span> <span class='ocrx_word' id='word_1_46' title='bbox 239 322 297 342; x_wconf 79' lang='lat' dir='ltr'>vulgus</span> <span class='ocrx_word' id='word_1_47' title='bbox 305 321 401 341; x_wconf 85' lang='lat' dir='ltr'>imperitum</span> <span class='ocrx_word' id='word_1_48' title='bbox 409 321 463 341; x_wconf 88' lang='lat' dir='ltr'>primo</span> <span class='ocrx_word' id='word_1_49' title='bbox 468 326 536 337; x_wconf 85' lang='lat' dir='ltr'>rumore</span> <span class='ocrx_word' id='word_1_50' title='bbox 541 321 623 341; x_wconf 79' lang='lat' dir='ltr'>rapiant?</span> <span class='ocrx_word' id='word_1_51' title='bbox 631 321 659 337; x_wconf 77' lang='lat' dir='ltr'>Est</span> <span class='ocrx_word' id='word_1_52' title='bbox 664 321 695 337; x_wconf 86' lang='lat' dir='ltr'>tibi</span> <span class='ocrx_word' id='word_1_53' title='bbox 702 321 780 341; x_wconf 74' lang='lat' dir='ltr'>Augustae</span> 
     </span>
     <span class='ocr_line' id='line_1_8' title="bbox 212 346 781 367; baseline -0.002 -3"><span class='ocrx_word' id='word_1_54' title='bbox 212 347 321 367; x_wconf 64' lang='lat' dir='ltr'>conscientia,</span> <span class='ocrx_word' id='word_1_55' title='bbox 337 348 363 363; x_wconf 84' lang='lat' dir='ltr'>est</span> <span class='ocrx_word' id='word_1_56' title='bbox 375 346 453 363; x_wconf 76' lang='lat' dir='ltr'>Caesaris</span> <span class='ocrx_word' id='word_1_57' title='bbox 466 347 518 367; x_wconf 65' lang='lat' dir='ltr'>favor,</span> <span class='ocrx_word' id='word_1_58' title='bbox 534 347 563 363; x_wconf 87' lang='lat' dir='ltr'>sed</span> <span class='ocrx_word' id='word_1_59' title='bbox 576 347 593 363; x_wconf 98' lang='lat' dir='ltr'>in</span> <span class='ocrx_word' id='word_1_60' title='bbox 602 347 677 367; x_wconf 83' lang='lat' dir='ltr'>oeculto;</span> <span class='ocrx_word' id='word_1_61' title='bbox 693 348 709 363; x_wconf 86' lang='lat' dir='ltr'>et</span> <span class='ocrx_word' id='word_1_62' title='bbox 725 347 781 367; x_wconf 78' lang='lat' dir='ltr'>perisse</span> 
     </span>
     <span class='ocr_line' id='line_1_9' title="bbox 211 373 781 394; baseline -0.002 -4"><span class='ocrx_word' id='word_1_63' title='bbox 211 373 331 390; x_wconf 79' lang='lat' dir='ltr'>Germanicum</span> <span class='ocrx_word' id='word_1_64' title='bbox 339 373 380 389; x_wconf 87' lang='lat' dir='ltr'>nulli</span> <span class='ocrx_word' id='word_1_65' title='bbox 388 373 480 389; x_wconf 80' lang='lat' dir='ltr'>iactantius</span> <span class='ocrx_word' id='word_1_66' title='bbox 488 375 564 389; x_wconf 79' lang='lat' dir='ltr'>maerent</span> <span class='ocrx_word' id='word_1_67' title='bbox 577 377 628 393; x_wconf 79' lang='lat' dir='ltr'>quam</span> <span class='ocrx_word' id='word_1_68' title='bbox 636 373 665 394; x_wconf 81' lang='lat' dir='ltr'>qui</span> <span class='ocrx_word' id='word_1_69' title='bbox 672 373 745 389; x_wconf 80' lang='lat' dir='ltr'>maxime</span> <span class='ocrx_word' id='word_1_70' title='bbox 752 373 781 389; x_wconf 77' lang='lat' dir='ltr'>laa-</span> 
     </span>
     <span class='ocr_line' id='line_1_10' title="bbox 212 399 278 416; baseline 0 -1"><span class='ocrx_word' id='word_1_71' title='bbox 212 399 278 416; x_wconf 77' lang='lat' dir='ltr'>tantur.¹</span> 
     </span>
    </p>

    <p class='ocr_par' dir='ltr' id='par_1_4' title="bbox 212 424 781 524">
     <span class='ocr_line' id='line_1_11' title="bbox 264 424 781 445; baseline 0.002 -5"><span class='ocrx_word' id='word_1_72' title='bbox 264 425 289 441; x_wconf 81' lang='lat'>78.</span> <span class='ocrx_word' id='word_1_73' title='bbox 301 424 350 440; x_wconf 81' lang='lat' dir='ltr'>Haud</span> <span class='ocrx_word' id='word_1_74' title='bbox 358 429 419 444; x_wconf 81' lang='lat' dir='ltr'>magna</span> <span class='ocrx_word' id='word_1_75' title='bbox 427 425 471 440; x_wconf 87' lang='lat' dir='ltr'>mole</span> <span class='ocrx_word' id='word_1_76' title='bbox 479 424 523 444; x_wconf 79' lang='lat' dir='ltr'>Piso,</span> <span class='ocrx_word' id='word_1_77' title='bbox 531 426 619 445; x_wconf 85' lang='lat' dir='ltr'>promptus</span> <span class='ocrx_word' id='word_1_78' title='bbox 627 424 718 445; x_wconf 79' lang='lat' dir='ltr'>ferocibus,</span> <span class='ocrx_word' id='word_1_79' title='bbox 725 425 743 441; x_wconf 89' lang='lat' dir='ltr'>in</span> <span class='ocrx_word' id='word_1_80' title='bbox 749 429 781 441; x_wconf 85' lang='lat' dir='ltr'>seu-</span> 
     </span>
     <span class='ocr_line' id='line_1_12' title="bbox 212 450 781 471; baseline 0.002 -5"><span class='ocrx_word' id='word_1_81' title='bbox 212 451 283 467; x_wconf 76' lang='lat' dir='ltr'>tentiam</span> <span class='ocrx_word' id='word_1_82' title='bbox 291 451 364 466; x_wconf 74' lang='lat' dir='ltr'>trahitur</span> <span class='ocrx_word' id='word_1_83' title='bbox 371 451 460 471; x_wconf 77' lang='lat' dir='ltr'>missisque</span> <span class='ocrx_word' id='word_1_84' title='bbox 468 450 489 466; x_wconf 85' lang='lat' dir='ltr'>ad</span> <span class='ocrx_word' id='word_1_85' title='bbox 497 450 583 467; x_wconf 75' lang='lat' dir='ltr'>Tiberium</span> <span class='ocrx_word' id='word_1_86' title='bbox 591 451 667 471; x_wconf 76' lang='lat' dir='ltr'>epistulis</span> <span class='ocrx_word' id='word_1_87' title='bbox 672 451 738 467; x_wconf 75' lang='lat' dir='ltr'>incusat</span> <span class='ocrx_word' id='word_1_88' title='bbox 746 451 781 467; x_wconf 85' lang='lat' dir='ltr'>Ger-</span> 
     </span>
     <span class='ocr_line' id='line_1_13' title="bbox 213 477 781 497; baseline 0.002 -5"><span class='ocrx_word' id='word_1_89' title='bbox 213 477 297 493; x_wconf 74' lang='lat' dir='ltr'>manicun]</span> <span class='ocrx_word' id='word_1_90' title='bbox 304 477 354 493; x_wconf 76' lang='lat' dir='ltr'>luxus</span> <span class='ocrx_word' id='word_1_91' title='bbox 362 478 379 493; x_wconf 78' lang='lat' dir='ltr'>et</span> <span class='ocrx_word' id='word_1_92' title='bbox 387 477 484 496; x_wconf 52' lang='lat' dir='ltr'>superbiam</span> <span class='ocrx_word' id='word_1_93' title='bbox 499 481 551 497; x_wconf 83' lang='lat' dir='ltr'>seque</span> <span class='ocrx_word' id='word_1_94' title='bbox 563 477 635 497; x_wconf 81' lang='lat' dir='ltr'>pulsum,</span> <span class='ocrx_word' id='word_1_95' title='bbox 646 479 665 493; x_wconf 86' lang='lat' dir='ltr'>ut</span> <span class='ocrx_word' id='word_1_96' title='bbox 677 477 725 493; x_wconf 86' lang='lat' dir='ltr'>locus</span> <span class='ocrx_word' id='word_1_97' title='bbox 737 477 781 493; x_wconf 79' lang='lat' dir='ltr'>rebus</span> 
     </span>
     <span class='ocr_line' id='line_1_14' title="bbox 212 502 781 524; baseline 0 -5"><span class='ocrx_word' id='word_1_98' title='bbox 212 503 260 519; x_wconf 82' lang='lat' dir='ltr'>novis</span> <span class='ocrx_word' id='word_1_99' title='bbox 268 502 359 523; x_wconf 77' lang='lat' dir='ltr'>patefieret,</span> <span class='ocrx_word' id='word_1_100' title='bbox 367 507 426 519; x_wconf 86' lang='lat' dir='ltr'>curam</span> <span class='ocrx_word' id='word_1_101' title='bbox 434 503 517 519; x_wconf 80' lang='lat' dir='ltr'>exercitus</span> <span class='ocrx_word' id='word_1_102' title='bbox 526 503 585 519; x_wconf 81' lang='lat' dir='ltr'>eadem</span> <span class='ocrx_word' id='word_1_103' title='bbox 597 503 629 519; x_wconf 82' lang='lat' dir='ltr'>fide</span> <span class='ocrx_word' id='word_1_104' title='bbox 638 508 671 524; x_wconf 82' lang='lat' dir='ltr'>qua</span> <span class='ocrx_word' id='word_1_105' title='bbox 679 504 751 519; x_wconf 80' lang='lat' dir='ltr'>tenuerit</span> <span class='ocrx_word' id='word_1_106' title='bbox 758 508 781 519; x_wconf 76' lang='lat' dir='ltr'>re-</span> 
     </span>
    </p>

    <p class='ocr_par' dir='ltr' id='par_1_5' title="bbox 199 528 782 653">
     <span class='ocr_line' id='line_1_15' title="bbox 199 528 781 550; baseline -0.003 -3"><span class='ocrx_word' id='word_1_107' title='bbox 199 529 297 550; x_wconf 75' lang='lat' dir='ltr'>fipetivisse.</span> <span class='ocrx_word' id='word_1_108' title='bbox 309 528 362 545; x_wconf 86' lang='lat' dir='ltr'>Simul</span> <span class='ocrx_word' id='word_1_109' title='bbox 370 528 461 545; x_wconf 83' lang='lat' dir='ltr'>Domitium</span> <span class='ocrx_word' id='word_1_110' title='bbox 470 529 560 549; x_wconf 80' lang='lat' dir='ltr'>inpositum</span> <span class='ocrx_word' id='word_1_111' title='bbox 573 529 638 545; x_wconf 83' lang='lat' dir='ltr'>triremi</span> <span class='ocrx_word' id='word_1_112' title='bbox 650 529 704 545; x_wconf 85' lang='lat' dir='ltr'>vitare</span> <span class='ocrx_word' id='word_1_113' title='bbox 720 529 781 546; x_wconf 86' lang='lat' dir='ltr'>litorum</span> 
     </span>
     <span class='ocr_line' id='line_1_16' title="bbox 213 555 781 575; baseline -0.002 -3"><span class='ocrx_word' id='word_1_114' title='bbox 213 560 261 572; x_wconf 87' lang='lat' dir='ltr'>oram</span> <span class='ocrx_word' id='word_1_115' title='bbox 269 556 370 575; x_wconf 71' lang='lat' dir='ltr'>praeterque</span> <span class='ocrx_word' id='word_1_116' title='bbox 379 555 442 571; x_wconf 78' lang='lat' dir='ltr'>insulas</span> <span class='ocrx_word' id='word_1_117' title='bbox 450 555 485 571; x_wconf 83' lang='lat' dir='ltr'>lato</span> <span class='ocrx_word' id='word_1_118' title='bbox 493 555 536 571; x_wconf 90' lang='lat' dir='ltr'>mari</span> <span class='ocrx_word' id='word_1_119' title='bbox 545 559 615 575; x_wconf 78' lang='lat' dir='ltr'>pergere</span> <span class='ocrx_word' id='word_1_120' title='bbox 627 555 644 571; x_wconf 92' lang='lat' dir='ltr'>in</span> <span class='ocrx_word' id='word_1_121' title='bbox 657 555 724 571; x_wconf 87' lang='lat' dir='ltr'>Suriam</span> <span class='ocrx_word' id='word_1_122' title='bbox 737 555 781 571; x_wconf 87' lang='lat' dir='ltr'>iubet.</span> 
     </span>
     <span class='ocr_line' id='line_1_17' title="bbox 213 581 782 601; baseline -0.004 -3"><span class='ocrx_word' id='word_1_123' title='bbox 213 581 336 598; x_wconf 83' lang='lat' dir='ltr'>Concurrentes</span> <span class='ocrx_word' id='word_1_124' title='bbox 344 581 440 597; x_wconf 75' lang='lat' dir='ltr'>desertores</span> <span class='ocrx_word' id='word_1_125' title='bbox 448 585 478 601; x_wconf 86' lang='lat' dir='ltr'>per</span> <span class='ocrx_word' id='word_1_126' title='bbox 486 581 581 601; x_wconf 80' lang='lat' dir='ltr'>manipulos</span> <span class='ocrx_word' id='word_1_127' title='bbox 589 581 674 601; x_wconf 81' lang='lat' dir='ltr'>conponit,</span> <span class='ocrx_word' id='word_1_128' title='bbox 682 583 738 598; x_wconf 84' lang='lat' dir='ltr'>armat</span> <span class='ocrx_word' id='word_1_129' title='bbox 745 581 782 597; x_wconf 81' lang='lat' dir='ltr'>lixas</span> 
     </span>
     <span class='ocr_line' id='line_1_18' title="bbox 212 607 782 628; baseline 0 -5"><span class='ocrx_word' id='word_1_130' title='bbox 212 608 320 628; x_wconf 74' lang='lat' dir='ltr'>traiectisque</span> <span class='ocrx_word' id='word_1_131' title='bbox 329 607 346 623; x_wconf 90' lang='lat' dir='ltr'>in</span> <span class='ocrx_word' id='word_1_132' title='bbox 355 607 468 623; x_wconf 80' lang='lat' dir='ltr'>continentem</span> <span class='ocrx_word' id='word_1_133' title='bbox 477 607 549 623; x_wconf 76' lang='lat' dir='ltr'>navibus</span> <span class='ocrx_word' id='word_1_134' title='bbox 561 607 641 623; x_wconf 83' lang='lat' dir='ltr'>vexillum</span> <span class='ocrx_word' id='word_1_135' title='bbox 650 607 723 623; x_wconf 88' lang='lat' dir='ltr'>tironum</span> <span class='ocrx_word' id='word_1_136' title='bbox 732 608 748 623; x_wconf 90' lang='lat' dir='ltr'>in</span> <span class='ocrx_word' id='word_1_137' title='bbox 756 607 782 623; x_wconf 88' lang='lat' dir='ltr'>Su-</span> 
     </span>
     <span class='ocr_line' id='line_1_19' title="bbox 213 632 781 653; baseline 0 -4"><span class='ocrx_word' id='word_1_138' title='bbox 213 634 255 650; x_wconf 83' lang='lat' dir='ltr'>riam</span> <span class='ocrx_word' id='word_1_139' title='bbox 264 633 338 649; x_wconf 89' lang='lat' dir='ltr'>euntium</span> <span class='ocrx_word' id='word_1_140' title='bbox 348 633 437 653; x_wconf 67' lang='lat' dir='ltr'>intercipit,</span> <span class='ocrx_word' id='word_1_141' title='bbox 445 633 508 653; x_wconf 74' lang='lat' dir='ltr'>regulis</span> <span class='ocrx_word' id='word_1_142' title='bbox 516 632 585 649; x_wconf 76' lang='lat' dir='ltr'>Cilicum</span> <span class='ocrx_word' id='word_1_143' title='bbox 598 635 617 649; x_wconf 82' lang='lat' dir='ltr'>ut</span> <span class='ocrx_word' id='word_1_144' title='bbox 629 638 647 649; x_wconf 84' lang='lat' dir='ltr'>se</span> <span class='ocrx_word' id='word_1_145' title='bbox 660 633 727 649; x_wconf 75' lang='lat' dir='ltr'>auxiliis</span> <span class='ocrx_word' id='word_1_146' title='bbox 739 634 781 649; x_wconf 81' lang='lat' dir='ltr'>iuva-</span> 
     </span>
    </p>

    <p class='ocr_par' dir='ltr' id='par_1_6' title="bbox 191 659 782 706">
     <span class='ocr_line' id='line_1_20' title="bbox 191 659 782 679; baseline 0 -3"><span class='ocrx_word' id='word_1_147' title='bbox 191 661 250 677; x_wconf 74' lang='lat' dir='ltr'>rorent</span> <span class='ocrx_word' id='word_1_148' title='bbox 258 659 321 679; x_wconf 79' lang='lat' dir='ltr'>scribit,</span> <span class='ocrx_word' id='word_1_149' title='bbox 329 659 374 675; x_wconf 84' lang='lat' dir='ltr'>haud</span> <span class='ocrx_word' id='word_1_150' title='bbox 383 659 442 679; x_wconf 74' lang='lat' dir='ltr'>ignavo</span> <span class='ocrx_word' id='word_1_151' title='bbox 451 659 472 675; x_wconf 83' lang='lat' dir='ltr'>ad</span> <span class='ocrx_word' id='word_1_152' title='bbox 486 659 580 675; x_wconf 80' lang='lat' dir='ltr'>ministeria</span> <span class='ocrx_word' id='word_1_153' title='bbox 592 659 632 675; x_wconf 84' lang='lat' dir='ltr'>belli</span> <span class='ocrx_word' id='word_1_154' title='bbox 647 659 707 676; x_wconf 73' lang='lat' dir='ltr'>iuvene</span> <span class='ocrx_word' id='word_1_155' title='bbox 723 659 782 677; x_wconf 69' lang='lat' dir='ltr'>Pisone,</span> 
     </span>
     <span class='ocr_line' id='line_1_21' title="bbox 212 684 618 706; baseline 0 -6"><span class='ocrx_word' id='word_1_156' title='bbox 212 690 314 706; x_wconf 82' lang='lat' dir='ltr'>quamquam</span> <span class='ocrx_word' id='word_1_157' title='bbox 323 684 447 705; x_wconf 70' lang='lat' dir='ltr'>suscipiendum</span> <span class='ocrx_word' id='word_1_158' title='bbox 455 684 517 701; x_wconf 84' lang='lat' dir='ltr'>bellum</span> <span class='ocrx_word' id='word_1_159' title='bbox 527 685 618 701; x_wconf 77' lang='lat' dir='ltr'>abnuisset.</span> 
     </span>
    </p>

    <p class='ocr_par' dir='ltr' id='par_1_7' title="bbox 212 710 783 809">
     <span class='ocr_line' id='line_1_22' title="bbox 264 710 782 731; baseline 0 -4"><span class='ocrx_word' id='word_1_160' title='bbox 264 711 289 727; x_wconf 80' lang='lat'>79.</span> <span class='ocrx_word' id='word_1_161' title='bbox 301 710 352 731; x_wconf 76' lang='lat' dir='ltr'>Igitur</span> <span class='ocrx_word' id='word_1_162' title='bbox 359 715 406 727; x_wconf 85' lang='lat' dir='ltr'>oram</span> <span class='ocrx_word' id='word_1_163' title='bbox 414 710 475 731; x_wconf 76' lang='lat' dir='ltr'>Lyciae</span> <span class='ocrx_word' id='word_1_164' title='bbox 484 715 504 727; x_wconf 82' lang='lat' dir='ltr'>ac</span> <span class='ocrx_word' id='word_1_165' title='bbox 512 710 621 731; x_wconf 76' lang='lat' dir='ltr'>Pamphyliae</span> <span class='ocrx_word' id='word_1_166' title='bbox 629 711 750 731; x_wconf 71' lang='lat' dir='ltr'>praelegentes,</span> <span class='ocrx_word' id='word_1_167' title='bbox 758 710 782 726; x_wconf 87' lang='lat' dir='ltr'>oh-</span> 
     </span>
     <span class='ocr_line' id='line_1_23' title="bbox 212 736 782 757; baseline -0.002 -4"><span class='ocrx_word' id='word_1_168' title='bbox 212 737 244 753; x_wconf 83' lang='lat' dir='ltr'>viis</span> <span class='ocrx_word' id='word_1_169' title='bbox 256 736 328 753; x_wconf 81' lang='lat' dir='ltr'>navibus</span> <span class='ocrx_word' id='word_1_170' title='bbox 340 741 383 757; x_wconf 85' lang='lat' dir='ltr'>quae</span> <span class='ocrx_word' id='word_1_171' title='bbox 399 736 507 757; x_wconf 82' lang='lat' dir='ltr'>Agrippinam</span> <span class='ocrx_word' id='word_1_172' title='bbox 523 737 612 756; x_wconf 65' lang='lat' dir='ltr'>vehebant,</span> <span class='ocrx_word' id='word_1_173' title='bbox 628 737 712 757; x_wconf 81' lang='lat' dir='ltr'>utrimque</span> <span class='ocrx_word' id='word_1_174' title='bbox 727 736 782 753; x_wconf 76' lang='lat' dir='ltr'>intensi</span> 
     </span>
     <span class='ocr_line' id='line_1_24' title="bbox 212 762 782 783; baseline -0.002 -4"><span class='ocrx_word' id='word_1_175' title='bbox 212 768 260 779; x_wconf 90' lang='lat' dir='ltr'>arma</span> <span class='ocrx_word' id='word_1_176' title='bbox 268 763 322 783; x_wconf 86' lang='lat' dir='ltr'>primo</span> <span class='ocrx_word' id='word_1_177' title='bbox 329 763 426 783; x_wconf 81' lang='lat' dir='ltr'>expediere:</span> <span class='ocrx_word' id='word_1_178' title='bbox 439 762 478 778; x_wconf 81' lang='lat' dir='ltr'>dein</span> <span class='ocrx_word' id='word_1_179' title='bbox 491 764 550 778; x_wconf 85' lang='lat' dir='ltr'>mutua</span> <span class='ocrx_word' id='word_1_180' title='bbox 557 762 647 779; x_wconf 72' lang='lat' dir='ltr'>formidine</span> <span class='ocrx_word' id='word_1_181' title='bbox 654 767 690 779; x_wconf 85' lang='lat' dir='ltr'>non</span> <span class='ocrx_word' id='word_1_182' title='bbox 701 763 746 779; x_wconf 82' lang='lat' dir='ltr'>ultra</span> <span class='ocrx_word' id='word_1_183' title='bbox 753 763 782 778; x_wconf 89' lang='lat' dir='ltr'>iur-</span> 
     </span>
     <span class='ocr_line' id='line_1_25' title="bbox 213 788 783 809; baseline -0.002 -4"><span class='ocrx_word' id='word_1_184' title='bbox 213 789 257 809; x_wconf 77' lang='lat' dir='ltr'>gium</span> <span class='ocrx_word' id='word_1_185' title='bbox 265 793 363 809; x_wconf 81' lang='lat' dir='ltr'>processum</span> <span class='ocrx_word' id='word_1_186' title='bbox 371 790 401 808; x_wconf 80' lang='lat' dir='ltr'>est,</span> <span class='ocrx_word' id='word_1_187' title='bbox 409 788 507 809; x_wconf 81' lang='lat' dir='ltr'>Marsusque</span> <span class='ocrx_word' id='word_1_188' title='bbox 516 788 575 804; x_wconf 83' lang='lat' dir='ltr'>Vibius</span> <span class='ocrx_word' id='word_1_189' title='bbox 587 789 671 805; x_wconf 84' lang='lat' dir='ltr'>nuntiavit</span> <span class='ocrx_word' id='word_1_190' title='bbox 683 789 741 805; x_wconf 80' lang='lat' dir='ltr'>Pisoni</span> <span class='ocrx_word' id='word_1_191' title='bbox 753 788 783 804; x_wconf 78' lang='lat' dir='ltr'>Ro-</span> 
     </span>
    </p>

    <p class='ocr_par' dir='ltr' id='par_1_8' title="bbox 199 814 784 939">
     <span class='ocr_line' id='line_1_26' title="bbox 199 814 783 835; baseline -0.002 -4"><span class='ocrx_word' id='word_1_192' title='bbox 199 820 257 833; x_wconf 88' lang='lat' dir='ltr'>5mam</span> <span class='ocrx_word' id='word_1_193' title='bbox 266 815 288 831; x_wconf 84' lang='lat' dir='ltr'>ad</span> <span class='ocrx_word' id='word_1_194' title='bbox 296 815 385 831; x_wconf 80' lang='lat' dir='ltr'>dicendam</span> <span class='ocrx_word' id='word_1_195' title='bbox 394 819 463 830; x_wconf 81' lang='lat' dir='ltr'>causam</span> <span class='ocrx_word' id='word_1_196' title='bbox 469 815 539 831; x_wconf 85' lang='lat' dir='ltr'>veniret.</span> <span class='ocrx_word' id='word_1_197' title='bbox 551 814 580 830; x_wconf 90' lang='lat' dir='ltr'>llle</span> <span class='ocrx_word' id='word_1_198' title='bbox 589 814 657 831; x_wconf 78' lang='lat' dir='ltr'>eludens</span> <span class='ocrx_word' id='word_1_199' title='bbox 665 815 752 835; x_wconf 77' lang='lat' dir='ltr'>respondit</span> <span class='ocrx_word' id='word_1_200' title='bbox 757 814 783 830; x_wconf 94' lang='lat' dir='ltr'>ad-</span> 
     </span>
     <span class='ocr_line' id='line_1_27' title="bbox 213 840 784 861; baseline -0.002 -4"><span class='ocrx_word' id='word_1_201' title='bbox 213 841 291 860; x_wconf 74' lang='lat' dir='ltr'>futurum,</span> <span class='ocrx_word' id='word_1_202' title='bbox 299 841 328 856; x_wconf 86' lang='lat' dir='ltr'>ubi</span> <span class='ocrx_word' id='word_1_203' title='bbox 340 842 412 861; x_wconf 65' lang='lat' dir='ltr'>praetor,</span> <span class='ocrx_word' id='word_1_204' title='bbox 425 840 453 861; x_wconf 86' lang='lat' dir='ltr'>qui</span> <span class='ocrx_word' id='word_1_205' title='bbox 462 840 482 856; x_wconf 83' lang='lat' dir='ltr'>de</span> <span class='ocrx_word' id='word_1_206' title='bbox 490 840 576 857; x_wconf 81' lang='lat' dir='ltr'>veneficiis</span> <span class='ocrx_word' id='word_1_207' title='bbox 589 842 683 861; x_wconf 77' lang='lat' dir='ltr'>quaereret,</span> <span class='ocrx_word' id='word_1_208' title='bbox 694 845 724 857; x_wconf 86' lang='lat' dir='ltr'>reo</span> <span class='ocrx_word' id='word_1_209' title='bbox 738 842 784 860; x_wconf 73' lang='lat' dir='ltr'>atque</span> 
     </span>
     <span class='ocr_line' id='line_1_28' title="bbox 213 866 783 886; baseline 0 -4"><span class='ocrx_word' id='word_1_210' title='bbox 213 866 342 883; x_wconf 72' lang='lat' dir='ltr'>accusatoribus</span> <span class='ocrx_word' id='word_1_211' title='bbox 350 866 394 882; x_wconf 87' lang='lat' dir='ltr'>diem</span> <span class='ocrx_word' id='word_1_212' title='bbox 403 866 509 886; x_wconf 66' lang='lat' dir='ltr'>prodixisset,</span> <span class='ocrx_word' id='word_1_213' title='bbox 520 866 589 882; x_wconf 82' lang='lat' dir='ltr'>Interim</span> <span class='ocrx_word' id='word_1_214' title='bbox 597 866 679 883; x_wconf 81' lang='lat' dir='ltr'>Domitius</span> <span class='ocrx_word' id='word_1_215' title='bbox 691 866 783 883; x_wconf 79' lang='lat' dir='ltr'>Laodiciam</span> 
     </span>
     <span class='ocr_line' id='line_1_29' title="bbox 212 892 784 913; baseline -0.002 -5"><span class='ocrx_word' id='word_1_216' title='bbox 212 893 271 909; x_wconf 85' lang='lat' dir='ltr'>urbem</span> <span class='ocrx_word' id='word_1_217' title='bbox 279 892 339 909; x_wconf 84' lang='lat' dir='ltr'>Suriae</span> <span class='ocrx_word' id='word_1_218' title='bbox 347 892 431 912; x_wconf 84' lang='lat' dir='ltr'>adpulsus,</span> <span class='ocrx_word' id='word_1_219' title='bbox 439 897 477 908; x_wconf 81' lang='lat' dir='ltr'>cum</span> <span class='ocrx_word' id='word_1_220' title='bbox 485 892 557 908; x_wconf 85' lang='lat' dir='ltr'>hiberna</span> <span class='ocrx_word' id='word_1_221' title='bbox 567 894 625 909; x_wconf 80' lang='lat' dir='ltr'>sextae</span> <span class='ocrx_word' id='word_1_222' title='bbox 637 893 707 913; x_wconf 82' lang='lat' dir='ltr'>legionis</span> <span class='ocrx_word' id='word_1_223' title='bbox 719 893 784 913; x_wconf 81' lang='lat' dir='ltr'>peteret.</span> 
     </span>
     <span class='ocr_line' id='line_1_30' title="bbox 213 918 784 939; baseline -0.004 -5"><span class='ocrx_word' id='word_1_224' title='bbox 213 918 257 939; x_wconf 89' lang='lat' dir='ltr'>quod</span> <span class='ocrx_word' id='word_1_225' title='bbox 265 923 303 934; x_wconf 76' lang='lat' dir='ltr'>eam</span> <span class='ocrx_word' id='word_1_226' title='bbox 311 918 384 934; x_wconf 82' lang='lat' dir='ltr'>maxime</span> <span class='ocrx_word' id='word_1_227' title='bbox 392 919 441 934; x_wconf 82' lang='lat' dir='ltr'>novis</span> <span class='ocrx_word' id='word_1_228' title='bbox 450 918 525 934; x_wconf 83' lang='lat' dir='ltr'>consiliis</span> <span class='ocrx_word' id='word_1_229' title='bbox 530 918 608 934; x_wconf 79' lang='lat' dir='ltr'>idoneam</span> <span class='ocrx_word' id='word_1_230' title='bbox 614 918 687 938; x_wconf 77' lang='lat' dir='ltr'>rebatur=</span> <span class='ocrx_word' id='word_1_231' title='bbox 696 923 706 934; x_wconf 85' lang='lat' dir='ltr'>a</span> <span class='ocrx_word' id='word_1_232' title='bbox 714 918 784 934; x_wconf 76' lang='lat' dir='ltr'>Pacuvio</span> 
     </span>
    </p>

    <p class='ocr_par' dir='ltr' id='par_1_9' title="bbox 191 943 785 1068">
     <span class='ocr_line' id='line_1_31' title="bbox 191 943 784 965; baseline -0.002 -4"><span class='ocrx_word' id='word_1_233' title='bbox 191 945 267 965; x_wconf 79' lang='lat' dir='ltr'>lolegato</span> <span class='ocrx_word' id='word_1_234' title='bbox 276 944 387 964; x_wconf 36' lang='lat' dir='ltr'>praevenitur*</span> <span class='ocrx_word' id='word_1_235' title='bbox 399 944 416 960; x_wconf 86' lang='lat' dir='ltr'>Id</span> <span class='ocrx_word' id='word_1_236' title='bbox 428 943 495 960; x_wconf 82' lang='lat' dir='ltr'>Sentius</span> <span class='ocrx_word' id='word_1_237' title='bbox 507 944 565 960; x_wconf 77' lang='lat' dir='ltr'>Pisoni</span> <span class='ocrx_word' id='word_1_238' title='bbox 573 949 603 964; x_wconf 85' lang='lat' dir='ltr'>per</span> <span class='ocrx_word' id='word_1_239' title='bbox 611 944 676 960; x_wconf 84' lang='lat' dir='ltr'>litteras</span> <span class='ocrx_word' id='word_1_240' title='bbox 684 945 739 964; x_wconf 81' lang='lat' dir='ltr'>aperit</span> <span class='ocrx_word' id='word_1_241' title='bbox 751 949 784 959; x_wconf 76' lang='lat' dir='ltr'>mu-</span> 
     </span>
     <span class='ocr_line' id='line_1_32' title="bbox 213 970 784 991; baseline -0.004 -5"><span class='ocrx_word' id='word_1_242' title='bbox 213 972 274 991; x_wconf 83' lang='lat' dir='ltr'>uetque</span> <span class='ocrx_word' id='word_1_243' title='bbox 282 975 303 987; x_wconf 87' lang='lat' dir='ltr'>ne</span> <span class='ocrx_word' id='word_1_244' title='bbox 311 971 368 986; x_wconf 78' lang='lat' dir='ltr'>castra</span> <span class='ocrx_word' id='word_1_245' title='bbox 376 970 508 989; x_wconf 77' lang='lat' dir='ltr'>corruptoribuS,</span> <span class='ocrx_word' id='word_1_246' title='bbox 520 974 541 986; x_wconf 86' lang='lat' dir='ltr'>ne</span> <span class='ocrx_word' id='word_1_247' title='bbox 549 970 653 990; x_wconf 78' lang='lat' dir='ltr'>provinciam</span> <span class='ocrx_word' id='word_1_248' title='bbox 662 970 705 986; x_wconf 85' lang='lat' dir='ltr'>bello</span> <span class='ocrx_word' id='word_1_249' title='bbox 714 970 784 990; x_wconf 83' lang='lat' dir='ltr'>temptet.</span> 
     </span>
     <span class='ocr_line' id='line_1_33' title="bbox 213 995 784 1017; baseline -0.002 -5"><span class='ocrx_word' id='word_1_250' title='bbox 213 996 291 1017; x_wconf 78' lang='lat' dir='ltr'>Quosque</span> <span class='ocrx_word' id='word_1_251' title='bbox 299 995 394 1012; x_wconf 79' lang='lat' dir='ltr'>Germanici</span> <span class='ocrx_word' id='word_1_252' title='bbox 403 1000 486 1011; x_wconf 85' lang='lat' dir='ltr'>memores</span> <span class='ocrx_word' id='word_1_253' title='bbox 494 997 523 1011; x_wconf 88' lang='lat' dir='ltr'>aut</span> <span class='ocrx_word' id='word_1_254' title='bbox 531 996 603 1012; x_wconf 78' lang='lat' dir='ltr'>inimicis</span> <span class='ocrx_word' id='word_1_255' title='bbox 616 996 652 1012; x_wconf 84' lang='lat' dir='ltr'>eius</span> <span class='ocrx_word' id='word_1_256' title='bbox 666 996 746 1012; x_wconf 80' lang='lat' dir='ltr'>adversos</span> <span class='ocrx_word' id='word_1_257' title='bbox 758 1000 784 1011; x_wconf 82' lang='lat' dir='ltr'>eo-</span> 
     </span>
     <span class='ocr_line' id='line_1_34' title="bbox 213 1021 784 1042; baseline -0.002 -5"><span class='ocrx_word' id='word_1_258' title='bbox 213 1023 298 1042; x_wconf 75' lang='lat' dir='ltr'>gnoverat,</span> <span class='ocrx_word' id='word_1_259' title='bbox 306 1021 396 1041; x_wconf 77' lang='lat' dir='ltr'>contrahit,</span> <span class='ocrx_word' id='word_1_260' title='bbox 407 1021 539 1040; x_wconf 69' lang='lat' dir='ltr'>magnitudinem</span> <span class='ocrx_word' id='word_1_261' title='bbox 548 1022 654 1041; x_wconf 79' lang='lat' dir='ltr'>imperatoris</span> <span class='ocrx_word' id='word_1_262' title='bbox 663 1022 753 1037; x_wconf 81' lang='lat' dir='ltr'>identidem</span> <span class='ocrx_word' id='word_1_263' title='bbox 762 1021 784 1037; x_wconf 87' lang='lat' dir='ltr'>iu-</span> 
     </span>
     <span class='ocr_line' id='line_1_35' title="bbox 213 1046 785 1068; baseline 0 -6"><span class='ocrx_word' id='word_1_264' title='bbox 213 1052 272 1067; x_wconf 75' lang='lat' dir='ltr'>gerens</span> <span class='ocrx_word' id='word_1_265' title='bbox 281 1049 298 1063; x_wconf 83' lang='lat' dir='ltr'>et</span> <span class='ocrx_word' id='word_1_266' title='bbox 306 1051 341 1062; x_wconf 89' lang='lat' dir='ltr'>rem</span> <span class='ocrx_word' id='word_1_267' title='bbox 349 1046 434 1066; x_wconf 85' lang='lat' dir='ltr'>publicam</span> <span class='ocrx_word' id='word_1_268' title='bbox 443 1047 494 1062; x_wconf 82' lang='lat' dir='ltr'>armis</span> <span class='ocrx_word' id='word_1_269' title='bbox 502 1047 545 1067; x_wconf 79' lang='lat' dir='ltr'>peti;</span> <span class='ocrx_word' id='word_1_270' title='bbox 553 1048 632 1068; x_wconf 83' lang='lat' dir='ltr'>ducitque</span> <span class='ocrx_word' id='word_1_271' title='bbox 637 1047 710 1063; x_wconf 84' lang='lat' dir='ltr'>validam</span> <span class='ocrx_word' id='word_1_272' title='bbox 718 1052 785 1064; x_wconf 81' lang='lat' dir='ltr'>manum</span> 
     </span>
    </p>

    <p class='ocr_par' dir='ltr' id='par_1_10' title="bbox 192 1073 393 1092">
     <span class='ocr_line' id='line_1_36' title="bbox 192 1073 393 1092; baseline -0.01 -2"><span class='ocrx_word' id='word_1_273' title='bbox 192 1077 208 1090; x_wconf 80' lang='lat'>15</span> <span class='ocrx_word' id='word_1_274' title='bbox 214 1074 230 1089; x_wconf 80' lang='lat' dir='ltr'>et</span> <span class='ocrx_word' id='word_1_275' title='bbox 239 1073 302 1092; x_wconf 80' lang='lat' dir='ltr'>proelio</span> <span class='ocrx_word' id='word_1_276' title='bbox 311 1074 393 1092; x_wconf 79' lang='lat' dir='ltr'>paratam.</span> 
     </span>
    </p>
   </div>
  </div>
 </body>
</html>
