3010 4430
316 1338 341 1400 l.
366 1337 508 1404 Sisenna
524 1339 658 1406 Statilio
676 1335 817 1424 [Tauro]
846 1339 878 1401 L.
896 1338 1023 1403 Libone
1051 1338 1246 1403 consulibus
1272 1345 1367 1404 mota

210 1439 355 1506 Orientis
370 1461 473 1524 regna
490 1445 751 1526 provinciaeque
767 1443 953 1523 Romanae,
978 1444 1074 1508 initio
1102 1444 1192 1524 apud
1218 1443 1366 1508 Parthos

211 1550 296 1625 orto,
319 1547 375 1626 qui
391 1547 530 1628 petitum
546 1547 655 1612 Roma
672 1552 915 1628 acceptumque
936 1565 1058 1628 regem,
1074 1540 1241 1628 quamvis
1255 1549 1366 1628 gentis

210 1648 459 1730 Arsacidarum,
484 1658 520 1714 ut
534 1657 721 1718 externum
737 1650 1018 1730 aspernabantur.
1051 1651 1082 1716 ls
1107 1650 1170 1716 fuit
1189 1651 1369 1732 Vonones,

184 1753 310 1822 oobses
325 1753 475 1836 Augusto
492 1756 591 1842 datus
616 1774 636 1819 a
661 1755 818 1820 Phraate.
846 1754 932 1819 Nam
962 1754 1128 1820 Phraates
1160 1749 1366 1839 quamquam

210 1858 392 1938 depulisset
407 1860 577 1924 exercitus
594 1859 762 1941 ducesque
782 1858 963 1937 Romanos,
988 1864 1112 1924 cuneta
1128 1860 1365 1924 venerantium

210 1961 322 2026 ollicia
347 1963 390 2027 ad
414 1957 600 2043 Augustum
631 1969 780 2029 verterat
813 1967 1010 2046 partemque
1043 1963 1148 2043 prolis
1178 1962 1369 2028 firmandae

210 2065 379 2130 amicitiae
396 2067 543 2147 miserat,
559 2068 650 2132 haud
669 2067 809 2148 perinde
825 2067 932 2130 nostri
950 2072 1041 2130 metu
1058 2084 1158 2148 quam
1174 2065 1367 2148 fideipopu-

210 2169 329 2233 larium
346 2169 484 2236 diffisus,

273 2323 274 2328 1
314 2273 341 2336 2.
365 2273 447 2343 Post
462 2275 562 2340 linem
578 2277 738 2340 Phraatis
755 2280 787 2340 et
807 2277 1018 2358 sequentium
1049 2295 1165 2355 regum
1191 2276 1235 2340 ob
1261 2277 1369 2342 inter·

211 2396 274 2441 nas
291 2378 411 2442 caedes
427 2397 550 2444 venere
566 2381 601 2443 in
617 2369 736 2444 urbem
760 2381 862 2461 legati
878 2398 898 2445 a
925 2380 1129 2460 primoribus
1147 2380 1292 2462 Parthis,
1308 2382 1367 2464 qui

210 2483 387 2546 Vononem
402 2484 666 2548 vetustissimum
681 2483 865 2549 liberorum
881 2486 952 2549 eius
969 2485 1127 2550 accirent.
1151 2483 1366 2568 Magnificum

212 2584 246 2648 id
261 2585 325 2649 sibi
341 2586 482 2651 credidit
498 2585 624 2652 Caesar
640 2587 800 2670 auxitque
816 2586 946 2668 opibus.
976 2586 1016 2651 Et
1033 2604 1200 2667 accepere
1225 2585 1367 2651 barbari

185 2690 387 2768 5laetantes,
402 2696 440 2754 ut
455 2690 559 2756 ferme
576 2692 619 2755 ad
632 2709 722 2756 nova
737 2692 887 2772 imperia.
900 2691 979 2759 Mox
995 2691 1099 2757 subiit
1114 2690 1238 2772 pudor:
1266 2691 1365 2772 dege-

211 2797 384 2861 neravisse
394 2795 707 2878 Parthos3petitum
717 2797 784 2862 alio
795 2816 836 2861 ex
847 2796 929 2860 orbe
939 2813 1061 2877 regem,
1070 2787 1218 2861 hostium
1230 2795 1364 2860 artibus

211 2897 389 2979 infectum;
412 2900 483 2973 iam
496 2900 584 2965 inter
600 2901 792 2981 provincias
808 2901 979 2984 Romanas
990 2900 1111 2965 solium
1121 2895 1365 2991 Arsacidarum

212 3003 331 3068 haberi
347 3003 495 3086 darique.
511 3004 575 3070 Ubi
591 3004 681 3069 illam
698 3005 838 3085 gloriam
853 3005 1094 3068 trucidantium
1111 3001 1279 3082 Crassum,
1305 2989 1364 3068 ex'-

212 3107 421 3172 turbantium
437 3107 629 3186 Antonium,
654 3110 683 3173 si
698 3109 904 3189 mancipium
920 3107 1086 3184 Caesaris
1112 3111 1163 3170 tot
1178 3123 1237 3186 per
1254 3124 1367 3170 annos

169 3227 202 3279 10
213 3212 405 3300 servitutem
424 3230 629 3292 perpessum,
644 3212 779 3276 Parthis
795 3211 990 3292 imperitet?
1014 3209 1235 3275 Accendebat
1251 3207 1366 3290 dedig-

212 3321 333 3378 nantes
350 3322 383 3379 et
408 3315 479 3395 ipse
496 3316 649 3381 diversus
675 3318 891 3399 amalorum
916 3315 1089 3393 institutis,
1119 3331 1197 3377 raro
1229 3317 1367 3391 venatu,

212 3417 304 3497 segni
320 3436 481 3499 equorum
498 3438 599 3498 cura;
631 3421 786 3502 quotiens
810 3438 870 3500 per
893 3419 995 3484 urbes
1021 3418 1204 3496 incederet,
1220 3415 1366 3481 lecticae

213 3522 398 3602 gestamine
408 3521 563 3605 fastuque
576 3541 656 3604 erga
666 3523 796 3602 patrias
807 3523 931 3603 epulas.
951 3521 1188 3586 Inridebantur
1199 3516 1365 3584 etGraeci

13 3635 14 3720 t
213 3628 351 3693 comites
368 3646 408 3692 ac
424 3629 589 3692 vilissima
599 3628 794 3692 utensilium
804 3627 907 3692 anulo
918 3627 1043 3692 clause.
1060 3625 1126 3691 Sed
1137 3626 1282 3706 prompti
1293 3625 1366 3688 adi-

173 3750 201 3800 15
212 3738 275 3812 tue,
286 3732 387 3797 obvia
397 3733 548 3810 comitas,
564 3732 701 3813 ignotae
718 3730 852 3796 Parthis
862 3732 1012 3807 virtutes,
1023 3749 1113 3794 nova
1122 3729 1224 3808 vitia3
1241 3735 1274 3794 et
1284 3730 1366 3811 quia

212 3836 361 3915 ipsorum
377 3835 528 3900 moribus
544 3835 664 3913 aliena,
678 3836 816 3917 perinde
833 3836 946 3900 odium
963 3835 1078 3916 pravis
1096 3839 1129 3898 et
1143 3833 1307 3898 honestis.

318 3938 346 4002 3.
369 3937 470 4020 Igitur
486 3937 680 4004 Artabanus
697 3939 973 4005 Arsacidarume
998 3937 1159 4019 sanguine
1185 3935 1275 4017 apud
1298 3935 1365 4000 Da·

213 4044 276 4107 has
292 4042 426 4106 adultus
443 4043 581 4122 excitur,
598 4045 772 4128 primoque
789 4062 969 4126 congressu
996 4041 1089 4106 lusus
1114 4042 1251 4121 reparat
1275 4041 1367 4104 vires
