<?xml version="1.0" encoding="UTF-8"?>
<!DOCTYPE html PUBLIC "-//W3C//DTD XHTML 1.0 Transitional//EN"
    "http://www.w3.org/TR/xhtml1/DTD/xhtml1-transitional.dtd">
<html xmlns="http://www.w3.org/1999/xhtml" xml:lang="en" lang="en">
 <head>
  <title>
</title>
<meta http-equiv="Content-Type" content="text/html;charset=utf-8" />
  <meta name='ocr-system' content='tesseract 3.04.00' />
  <meta name='ocr-capabilities' content='ocr_page ocr_carea ocr_par ocr_line ocrx_word'/>
</head>
<body>
  <div class='ocr_page' id='page_1' title='image "annalen00koesgoog_0059.png"; bbox 0 0 3010 4430; ppageno 0'>
   <div class='ocr_carea' id='block_1_1' title="bbox 201 455 1404 4173">
    <p class='ocr_par' dir='ltr' id='par_1_1' title="bbox 203 455 1404 2202">
     <span class='ocr_line' id='line_1_1' title="bbox 204 455 1401 537; baseline -0.002 -19"><span class='ocrx_word' id='word_1_1' title='bbox 204 457 325 518; x_wconf 79' lang='lat' dir='ltr'>collecti</span> <span class='ocrx_word' id='word_1_2' title='bbox 340 455 487 535; x_wconf 81' lang='lat' dir='ltr'><strong>naufragi.</strong></span> <span class='ocrx_word' id='word_1_3' title='bbox 554 456 604 536; x_wconf 79' lang='lat'>25,</span> <span class='ocrx_word' id='word_1_4' title='bbox 626 457 685 517; x_wconf 89' lang='lat' dir='ltr'>hac</span> <span class='ocrx_word' id='word_1_5' title='bbox 710 457 835 518; x_wconf 85' lang='lat' dir='ltr'>fortuna</span> <span class='ocrx_word' id='word_1_6' title='bbox 859 465 978 519; x_wconf 89' lang='lat' dir='ltr'>erectos</span> <span class='ocrx_word' id='word_1_7' title='bbox 994 460 1095 528; x_wconf 90' lang='lat' dir='ltr'>denuo</span> <span class='ocrx_word' id='word_1_8' title='bbox 1111 457 1279 520; x_wconf 89' lang='lat' dir='ltr'>Germanos</span> <span class='ocrx_word' id='word_1_9' title='bbox 1296 474 1401 537; x_wconf 78' lang='lat' dir='ltr'>aggre-</span> 
     </span>
     <span class='ocr_line' id='line_1_2' title="bbox 204 559 1403 645; baseline -0.003 -25"><span class='ocrx_word' id='word_1_10' title='bbox 204 561 288 626; x_wconf 83' lang='lat' dir='ltr'><strong>ditur</strong></span> <span class='ocrx_word' id='word_1_11' title='bbox 304 559 503 621; x_wconf 87' lang='lat' dir='ltr'>Germanicus</span> <span class='ocrx_word' id='word_1_12' title='bbox 519 559 691 645; x_wconf 82' lang='lat' dir='ltr'>caeditque,</span> <span class='ocrx_word' id='word_1_13' title='bbox 706 560 856 621; x_wconf 79' lang='lat' dir='ltr'>Varianae</span> <span class='ocrx_word' id='word_1_14' title='bbox 871 561 1001 640; x_wconf 81' lang='lat' dir='ltr'>legionis</span> <span class='ocrx_word' id='word_1_15' title='bbox 1020 562 1154 640; x_wconf 90' lang='lat' dir='ltr'>aquilam</span> <span class='ocrx_word' id='word_1_16' title='bbox 1169 563 1285 642; x_wconf 81' lang='lat' dir='ltr'>recipit</span> <span class='ocrx_word' id='word_1_17' title='bbox 1351 561 1403 619; x_wconf 83' lang='lat'>26.</span> 
     </span>
     <span class='ocr_line' id='line_1_3' title="bbox 206 663 1403 744; baseline 0.002 -22"><span class='ocrx_word' id='word_1_18' title='bbox 206 669 274 723; x_wconf 91' lang='lat' dir='ltr'>tum</span> <span class='ocrx_word' id='word_1_19' title='bbox 297 664 462 730; x_wconf 88' lang='lat' dir='ltr'>instantius</span> <span class='ocrx_word' id='word_1_20' title='bbox 488 683 506 724; x_wconf 88' lang='lat' dir='ltr'>a</span> <span class='ocrx_word' id='word_1_21' title='bbox 530 663 650 725; x_wconf 89' lang='lat' dir='ltr'>Tiberio</span> <span class='ocrx_word' id='word_1_22' title='bbox 666 672 837 741; x_wconf 84' lang='lat' dir='ltr'>revocatus,</span> <span class='ocrx_word' id='word_1_23' title='bbox 870 684 1060 744; x_wconf 89' lang='lat' dir='ltr'>quamquam</span> <span class='ocrx_word' id='word_1_24' title='bbox 1075 666 1195 726; x_wconf 84' lang='lat' dir='ltr'>insectis</span> <span class='ocrx_word' id='word_1_25' title='bbox 1212 666 1305 727; x_wconf 91' lang='lat' dir='ltr'>rebus</span> <span class='ocrx_word' id='word_1_26' title='bbox 1317 665 1403 726; x_wconf 88' lang='lat' dir='ltr'>haud</span> 
     </span>
     <span class='ocr_line' id='line_1_4' title="bbox 205 767 1404 835; baseline 0 -8"><span class='ocrx_word' id='word_1_27' title='bbox 205 767 287 828; x_wconf 90' lang='lat' dir='ltr'>ultra</span> <span class='ocrx_word' id='word_1_28' title='bbox 302 773 475 832; x_wconf 84' lang='lat' dir='ltr'>cunctatur.</span> <span class='ocrx_word' id='word_1_29' title='bbox 543 769 594 829; x_wconf 98' lang='grc'><strong>27.</strong></span> <span class='ocrx_word' id='word_1_30' title='bbox 617 767 732 829; x_wconf 87' lang='lat' dir='ltr'>Romae</span> <span class='ocrx_word' id='word_1_31' title='bbox 757 767 832 830; x_wconf 92' lang='lat' dir='ltr'>Libo</span> <span class='ocrx_word' id='word_1_32' title='bbox 852 767 974 830; x_wconf 89' lang='lat' dir='ltr'>Drusus</span> <span class='ocrx_word' id='word_1_33' title='bbox 989 769 1027 828; x_wconf 89' lang='lat' dir='ltr'>ab</span> <span class='ocrx_word' id='word_1_34' title='bbox 1043 769 1141 828; x_wconf 91' lang='lat' dir='ltr'>amico</span> <span class='ocrx_word' id='word_1_35' title='bbox 1157 769 1286 832; x_wconf 83' lang='lat' dir='ltr'>delatus.</span> <span class='ocrx_word' id='word_1_36' title='bbox 1325 829 1327 835; x_wconf 15' lang='grc' dir='ltr'><em>Α</em></span> <span class='ocrx_word' id='word_1_37' title='bbox 1353 769 1404 828; x_wconf 85' lang='grc'><strong>28.</strong></span> 
     </span>
     <span class='ocr_line' id='line_1_5' title="bbox 204 873 1403 953; baseline 0 -21"><span class='ocrx_word' id='word_1_38' title='bbox 204 878 370 932; x_wconf 83' lang='lat' dir='ltr'>accusatus</span> <span class='ocrx_word' id='word_1_39' title='bbox 396 873 429 932; x_wconf 91' lang='lat' dir='ltr'>in</span> <span class='ocrx_word' id='word_1_40' title='bbox 453 878 572 932; x_wconf 86' lang='lat' dir='ltr'>senatu.</span> <span class='ocrx_word' id='word_1_41' title='bbox 639 873 689 933; x_wconf 88' lang='grc'>29.</span> <span class='ocrx_word' id='word_1_42' title='bbox 711 879 859 952; x_wconf 90' lang='lat' dir='ltr'>patronos</span> <span class='ocrx_word' id='word_1_43' title='bbox 883 890 945 935; x_wconf 90' lang='lat' dir='ltr'>non</span> <span class='ocrx_word' id='word_1_44' title='bbox 961 875 1102 953; x_wconf 83' lang='lat' dir='ltr'>repperit.</span> <span class='ocrx_word' id='word_1_45' title='bbox 1172 873 1227 935; x_wconf 86' lang='lat'>30.</span> <span class='ocrx_word' id='word_1_46' title='bbox 1246 893 1319 935; x_wconf 88' lang='lat' dir='ltr'>cum</span> <span class='ocrx_word' id='word_1_47' title='bbox 1342 890 1403 933; x_wconf 90' lang='lat' dir='ltr'>non</span> 
     </span>
     <span class='ocr_line' id='line_1_6' title="bbox 206 976 1403 1058; baseline 0 -23"><span class='ocrx_word' id='word_1_48' title='bbox 206 983 269 1038; x_wconf 90' lang='lat' dir='ltr'>tam</span> <span class='ocrx_word' id='word_1_49' title='bbox 285 976 410 1036; x_wconf 88' lang='lat' dir='ltr'>sceleris</span> <span class='ocrx_word' id='word_1_50' title='bbox 433 996 527 1055; x_wconf 91' lang='lat' dir='ltr'>quam</span> <span class='ocrx_word' id='word_1_51' title='bbox 543 977 722 1037; x_wconf 88' lang='lat' dir='ltr'>vaecordiae</span> <span class='ocrx_word' id='word_1_52' title='bbox 737 978 878 1038; x_wconf 85' lang='lat' dir='ltr'>convinci</span> <span class='ocrx_word' id='word_1_53' title='bbox 901 985 1015 1058; x_wconf 89' lang='lat' dir='ltr'>posset,</span> <span class='ocrx_word' id='word_1_54' title='bbox 1039 996 1119 1041; x_wconf 89' lang='lat' dir='ltr'>novo</span> <span class='ocrx_word' id='word_1_55' title='bbox 1130 979 1197 1040; x_wconf 90' lang='lat' dir='ltr'>iure</span> <span class='ocrx_word' id='word_1_56' title='bbox 1220 997 1327 1040; x_wconf 83' lang='lat' dir='ltr'>servos</span> <span class='ocrx_word' id='word_1_57' title='bbox 1350 997 1403 1058; x_wconf 91' lang='lat' dir='ltr'>per</span> 
     </span>
     <span class='ocr_line' id='line_1_7' title="bbox 207 1079 1402 1160; baseline 0.001 -21"><span class='ocrx_word' id='word_1_58' title='bbox 207 1086 359 1142; x_wconf 88' lang='lat' dir='ltr'>tormenta</span> <span class='ocrx_word' id='word_1_59' title='bbox 373 1081 404 1140; x_wconf 90' lang='lat' dir='ltr'>in</span> <span class='ocrx_word' id='word_1_60' title='bbox 428 1085 522 1158; x_wconf 87' lang='lat' dir='ltr'>caput</span> <span class='ocrx_word' id='word_1_61' title='bbox 538 1081 605 1140; x_wconf 90' lang='lat' dir='ltr'>eius</span> <span class='ocrx_word' id='word_1_62' title='bbox 620 1080 800 1158; x_wconf 82' lang='lat' dir='ltr'>interrogari</span> <span class='ocrx_word' id='word_1_63' title='bbox 824 1081 948 1160; x_wconf 87' lang='lat' dir='ltr'>placuit.</span> <span class='ocrx_word' id='word_1_64' title='bbox 1014 1079 1064 1145; x_wconf 82' lang='lat'>31.</span> <span class='ocrx_word' id='word_1_65' title='bbox 1087 1084 1147 1143; x_wconf 90' lang='lat' dir='ltr'>iam</span> <span class='ocrx_word' id='word_1_66' title='bbox 1170 1082 1287 1143; x_wconf 81' lang='lat' dir='ltr'>frustra</span> <span class='ocrx_word' id='word_1_67' title='bbox 1315 1087 1402 1142; x_wconf 88' lang='lat' dir='ltr'>orato</span> 
     </span>
     <span class='ocr_line' id='line_1_8' title="bbox 205 1183 1403 1273; baseline 0.002 -28"><span class='ocrx_word' id='word_1_68' title='bbox 205 1185 342 1264; x_wconf 87' lang='lat' dir='ltr'>principe</span> <span class='ocrx_word' id='word_1_69' title='bbox 358 1183 433 1244; x_wconf 89' lang='lat' dir='ltr'>Libo</span> <span class='ocrx_word' id='word_1_70' title='bbox 448 1203 483 1273; x_wconf 84' lang='lat' dir='ltr'>se</span> <span class='ocrx_word' id='word_1_71' title='bbox 498 1185 565 1263; x_wconf 89' lang='lat' dir='ltr'>ipse</span> <span class='ocrx_word' id='word_1_72' title='bbox 584 1186 724 1252; x_wconf 84' lang='lat' dir='ltr'>coniecit.</span> <span class='ocrx_word' id='word_1_73' title='bbox 753 1231 754 1236; x_wconf 41' lang='lat'><strong>.</strong></span> <span class='ocrx_word' id='word_1_74' title='bbox 791 1185 841 1246; x_wconf 85' lang='grc'><strong>32.</strong></span> <span class='ocrx_word' id='word_1_75' title='bbox 864 1187 896 1247; x_wconf 90' lang='lat' dir='ltr'>in</span> <span class='ocrx_word' id='word_1_76' title='bbox 921 1187 1101 1248; x_wconf 85' lang='lat' dir='ltr'>defunctum</span> <span class='ocrx_word' id='word_1_77' title='bbox 1124 1189 1293 1252; x_wconf 83' lang='lat' dir='ltr'>sententiaa</span> <span class='ocrx_word' id='word_1_78' title='bbox 1314 1205 1403 1248; x_wconf 87' lang='lat' dir='ltr'>sena-</span> 
     </span>
     <span class='ocr_line' id='line_1_9' title="bbox 205 1287 1403 1370; baseline 0.004 -23"><span class='ocrx_word' id='word_1_79' title='bbox 205 1296 317 1352; x_wconf 85' lang='lat' dir='ltr'>torum.</span> <span class='ocrx_word' id='word_1_80' title='bbox 348 1289 495 1367; x_wconf 84' lang='lat' dir='ltr'>astrologi</span> <span class='ocrx_word' id='word_1_81' title='bbox 519 1295 549 1348; x_wconf 91' lang='lat' dir='ltr'>et</span> <span class='ocrx_word' id='word_1_82' title='bbox 573 1289 653 1367; x_wconf 86' lang='lat' dir='ltr'>magi</span> <span class='ocrx_word' id='word_1_83' title='bbox 677 1308 715 1350; x_wconf 91' lang='lat' dir='ltr'>ex</span> <span class='ocrx_word' id='word_1_84' title='bbox 740 1287 826 1350; x_wconf 92' lang='lat' dir='ltr'>ltalia</span> <span class='ocrx_word' id='word_1_85' title='bbox 848 1290 938 1370; x_wconf 90' lang='lat' dir='ltr'>pulsi.</span> <span class='ocrx_word' id='word_1_86' title='bbox 1006 1291 1056 1354; x_wconf 87' lang='lat'>33.</span> <span class='ocrx_word' id='word_1_87' title='bbox 1078 1291 1109 1352; x_wconf 89' lang='lat' dir='ltr'>in</span> <span class='ocrx_word' id='word_1_88' title='bbox 1125 1297 1235 1352; x_wconf 90' lang='lat' dir='ltr'>senatu</span> <span class='ocrx_word' id='word_1_89' title='bbox 1250 1292 1351 1370; x_wconf 81' lang='lat' dir='ltr'>agitur</span> <span class='ocrx_word' id='word_1_90' title='bbox 1365 1291 1403 1352; x_wconf 92' lang='lat' dir='ltr'>de</span> 
     </span>
     <span class='ocr_line' id='line_1_10' title="bbox 204 1391 1402 1472; baseline 0.002 -19"><span class='ocrx_word' id='word_1_91' title='bbox 204 1394 282 1454; x_wconf 87' lang='lat' dir='ltr'>luxu</span> <span class='ocrx_word' id='word_1_92' title='bbox 298 1393 477 1468; x_wconf 87' lang='lat' dir='ltr'>coercendo,</span> <span class='ocrx_word' id='word_1_93' title='bbox 501 1399 610 1455; x_wconf 89' lang='lat' dir='ltr'>contra</span> <span class='ocrx_word' id='word_1_94' title='bbox 627 1394 749 1453; x_wconf 89' lang='lat' dir='ltr'>disserit</span> <span class='ocrx_word' id='word_1_95' title='bbox 764 1391 899 1458; x_wconf 89' lang='lat' dir='ltr'>Asinius.</span> <span class='ocrx_word' id='word_1_96' title='bbox 966 1395 1016 1456; x_wconf 88' lang='grc'><strong>34.</strong></span> <span class='ocrx_word' id='word_1_97' title='bbox 1038 1395 1158 1458; x_wconf 90' lang='lat' dir='ltr'>Pisonis</span> <span class='ocrx_word' id='word_1_98' title='bbox 1183 1396 1317 1472; x_wconf 88' lang='lat' dir='ltr'>libertas,</span> <span class='ocrx_word' id='word_1_99' title='bbox 1344 1394 1402 1456; x_wconf 89' lang='lat' dir='ltr'>Ur-</span> 
     </span>
     <span class='ocr_line' id='line_1_11' title="bbox 206 1496 1402 1578; baseline 0.003 -22"><span class='ocrx_word' id='word_1_100' title='bbox 206 1496 345 1574; x_wconf 82' lang='lat' dir='ltr'>gulaniae</span> <span class='ocrx_word' id='word_1_101' title='bbox 360 1497 454 1556; x_wconf 92' lang='lat' dir='ltr'>nimia</span> <span class='ocrx_word' id='word_1_102' title='bbox 469 1498 612 1575; x_wconf 88' lang='lat' dir='ltr'>potentia.</span> <span class='ocrx_word' id='word_1_103' title='bbox 680 1496 730 1557; x_wconf 87' lang='lat'>35.</span> <span class='ocrx_word' id='word_1_104' title='bbox 754 1497 900 1557; x_wconf 90' lang='lat' dir='ltr'>derebus</span> <span class='ocrx_word' id='word_1_105' title='bbox 916 1499 1106 1577; x_wconf 84' lang='lat' dir='ltr'>proferendis</span> <span class='ocrx_word' id='word_1_106' title='bbox 1122 1505 1275 1578; x_wconf 89' lang='lat' dir='ltr'>certamen</span> <span class='ocrx_word' id='word_1_107' title='bbox 1298 1501 1330 1560; x_wconf 93' lang='lat' dir='ltr'>in</span> <span class='ocrx_word' id='word_1_108' title='bbox 1354 1519 1402 1560; x_wconf 87' lang='lat' dir='ltr'>se-</span> 
     </span>
     <span class='ocr_line' id='line_1_12' title="bbox 204 1598 1402 1679; baseline 0.004 -20"><span class='ocrx_word' id='word_1_109' title='bbox 204 1606 288 1661; x_wconf 88' lang='lat' dir='ltr'>natu.</span> <span class='ocrx_word' id='word_1_110' title='bbox 354 1601 405 1661; x_wconf 87' lang='lat'>36.</span> <span class='ocrx_word' id='word_1_111' title='bbox 422 1598 520 1661; x_wconf 88' lang='lat' dir='ltr'>Asinii</span> <span class='ocrx_word' id='word_1_112' title='bbox 536 1601 688 1662; x_wconf 89' lang='lat' dir='ltr'>sententia</span> <span class='ocrx_word' id='word_1_113' title='bbox 702 1601 741 1662; x_wconf 93' lang='lat' dir='ltr'>de</span> <span class='ocrx_word' id='word_1_114' title='bbox 757 1601 896 1679; x_wconf 84' lang='lat' dir='ltr'>comitiis,</span> <span class='ocrx_word' id='word_1_115' title='bbox 911 1620 929 1661; x_wconf 96' lang='lat' dir='ltr'>a</span> <span class='ocrx_word' id='word_1_116' title='bbox 945 1601 1064 1663; x_wconf 90' lang='lat' dir='ltr'>Tiberio</span> <span class='ocrx_word' id='word_1_117' title='bbox 1079 1603 1199 1664; x_wconf 88' lang='lat' dir='ltr'>reiecta.</span> <span class='ocrx_word' id='word_1_118' title='bbox 1256 1601 1308 1666; x_wconf 86' lang='grc'><strong>37.</strong></span> <span class='ocrx_word' id='word_1_119' title='bbox 1323 1601 1402 1664; x_wconf 84' lang='lat' dir='ltr'>llor-</span> 
     </span>
     <span class='ocr_line' id='line_1_13' title="bbox 205 1704 1402 1788; baseline 0.004 -25"><span class='ocrx_word' id='word_1_120' title='bbox 205 1704 257 1764; x_wconf 88' lang='lat' dir='ltr'>tali</span> <span class='ocrx_word' id='word_1_121' title='bbox 272 1705 477 1764; x_wconf 85' lang='lat' dir='ltr'>levamentum</span> <span class='ocrx_word' id='word_1_122' title='bbox 493 1706 613 1784; x_wconf 88' lang='lat' dir='ltr'>inopiae</span> <span class='ocrx_word' id='word_1_123' title='bbox 629 1724 704 1766; x_wconf 87' lang='lat' dir='ltr'>suae</span> <span class='ocrx_word' id='word_1_124' title='bbox 719 1706 875 1783; x_wconf 86' lang='lat' dir='ltr'>poscentis</span> <span class='ocrx_word' id='word_1_125' title='bbox 892 1707 998 1767; x_wconf 89' lang='lat' dir='ltr'>oratio.</span> <span class='ocrx_word' id='word_1_126' title='bbox 1065 1707 1115 1769; x_wconf 89' lang='lat'>38.</span> <span class='ocrx_word' id='word_1_127' title='bbox 1139 1706 1278 1768; x_wconf 86' lang='lat' dir='ltr'>Tiberius</span> <span class='ocrx_word' id='word_1_128' title='bbox 1294 1727 1402 1788; x_wconf 87' lang='lat' dir='ltr'>aspere</span> 
     </span>
     <span class='ocr_line' id='line_1_14' title="bbox 205 1807 1402 1900; baseline 0.003 -32"><span class='ocrx_word' id='word_1_129' title='bbox 205 1809 236 1869; x_wconf 92' lang='lat' dir='ltr'>in</span> <span class='ocrx_word' id='word_1_130' title='bbox 252 1807 414 1869; x_wconf 88' lang='lat' dir='ltr'>Hortalum</span> <span class='ocrx_word' id='word_1_131' title='bbox 428 1810 570 1872; x_wconf 87' lang='lat' dir='ltr'>invectus</span> <span class='ocrx_word' id='word_1_132' title='bbox 585 1815 687 1869; x_wconf 90' lang='lat' dir='ltr'>tamen</span> <span class='ocrx_word' id='word_1_133' title='bbox 704 1809 808 1870; x_wconf 86' lang='lat' dir='ltr'>liberis</span> <span class='ocrx_word' id='word_1_134' title='bbox 824 1809 891 1870; x_wconf 89' lang='lat' dir='ltr'>eius</span> <span class='ocrx_word' id='word_1_135' title='bbox 908 1811 1026 1872; x_wconf 87' lang='lat' dir='ltr'>ducena</span> <span class='ocrx_word' id='word_1_136' title='bbox 1041 1812 1182 1900; x_wconf 78' lang='lat' dir='ltr'>sestertia</span> <span class='ocrx_word' id='word_1_137' title='bbox 1197 1812 1327 1891; x_wconf 82' lang='lat' dir='ltr'>singulis</span> <span class='ocrx_word' id='word_1_138' title='bbox 1342 1813 1402 1874; x_wconf 89' lang='lat' dir='ltr'>lar-</span> 
     </span>
     <span class='ocr_line' id='line_1_15' title="bbox 207 1911 1401 1996; baseline 0.003 -24"><span class='ocrx_word' id='word_1_139' title='bbox 207 1913 298 1992; x_wconf 81' lang='lat' dir='ltr'>gitur.</span> <span class='ocrx_word' id='word_1_140' title='bbox 365 1914 416 1974; x_wconf 87' lang='grc'>39.</span> <span class='ocrx_word' id='word_1_141' title='bbox 449 1911 612 1975; x_wconf 88' lang='lat' dir='ltr'>Clementis</span> <span class='ocrx_word' id='word_1_142' title='bbox 640 1914 722 1975; x_wconf 90' lang='lat' dir='ltr'>servi</span> <span class='ocrx_word' id='word_1_143' title='bbox 752 1913 880 1975; x_wconf 84' lang='lat' dir='ltr'>facinus.</span> <span class='ocrx_word' id='word_1_144' title='bbox 920 1915 947 1974; x_wconf 88' lang='lat' dir='ltr'>is</span> <span class='ocrx_word' id='word_1_145' title='bbox 969 1914 1154 1976; x_wconf 89' lang='lat' dir='ltr'>Postumum</span> <span class='ocrx_word' id='word_1_146' title='bbox 1177 1913 1344 1996; x_wconf 77' lang='lat' dir='ltr'>Agrippam</span> <span class='ocrx_word' id='word_1_147' title='bbox 1369 1936 1401 1975; x_wconf 88' lang='lat' dir='ltr'>se</span> 
     </span>
     <span class='ocr_line' id='line_1_16' title="bbox 204 2016 1402 2099; baseline -0.002 -21"><span class='ocrx_word' id='word_1_148' title='bbox 204 2017 352 2078; x_wconf 88' lang='lat' dir='ltr'>mentitus</span> <span class='ocrx_word' id='word_1_149' title='bbox 366 2018 496 2097; x_wconf 88' lang='lat' dir='ltr'>principi</span> <span class='ocrx_word' id='word_1_150' title='bbox 510 2036 618 2078; x_wconf 88' lang='lat' dir='ltr'>curam</span> <span class='ocrx_word' id='word_1_151' title='bbox 633 2017 725 2092; x_wconf 88' lang='lat' dir='ltr'>inicit,</span> <span class='ocrx_word' id='word_1_152' title='bbox 793 2017 844 2078; x_wconf 86' lang='lat'>40.</span> <span class='ocrx_word' id='word_1_153' title='bbox 867 2019 921 2079; x_wconf 89' lang='lat' dir='ltr'>sed</span> <span class='ocrx_word' id='word_1_154' title='bbox 939 2016 1077 2079; x_wconf 88' lang='lat' dir='ltr'>Sallustii</span> <span class='ocrx_word' id='word_1_155' title='bbox 1091 2018 1163 2080; x_wconf 90' lang='lat' dir='ltr'>dolo</span> <span class='ocrx_word' id='word_1_156' title='bbox 1187 2024 1297 2099; x_wconf 89' lang='lat' dir='ltr'>captus</span> <span class='ocrx_word' id='word_1_157' title='bbox 1322 2020 1402 2078; x_wconf 89' lang='lat' dir='ltr'>occi·</span> 
     </span>
     <span class='ocr_line' id='line_1_17' title="bbox 203 2122 954 2202; baseline 0.001 -20"><span class='ocrx_word' id='word_1_158' title='bbox 203 2122 296 2184; x_wconf 87' lang='lat' dir='ltr'>ditur.</span> <span class='ocrx_word' id='word_1_159' title='bbox 362 2124 413 2184; x_wconf 88' lang='grc'><strong>41.</strong></span> <span class='ocrx_word' id='word_1_160' title='bbox 431 2123 547 2183; x_wconf 88' lang='lat' dir='ltr'>Romae</span> <span class='ocrx_word' id='word_1_161' title='bbox 563 2122 744 2183; x_wconf 87' lang='lat' dir='ltr'>dedicantur</span> <span class='ocrx_word' id='word_1_162' title='bbox 758 2141 839 2183; x_wconf 82' lang='lat' dir='ltr'>nova</span> <span class='ocrx_word' id='word_1_163' title='bbox 854 2142 954 2202; x_wconf 87' lang='lat' dir='ltr'>opera.</span> 
     </span>
    </p>

    <p class='ocr_par' dir='ltr' id='par_1_2' title="bbox 201 2223 1402 3344">
     <span class='ocr_line' id='line_1_18' title="bbox 306 2223 1401 2307; baseline 0.005 -24"><span class='ocrx_word' id='word_1_164' title='bbox 306 2223 397 2285; x_wconf 91' lang='lat' dir='ltr'>Anno</span> <span class='ocrx_word' id='word_1_165' title='bbox 413 2227 555 2304; x_wconf 86' lang='lat' dir='ltr'>proximo</span> <span class='ocrx_word' id='word_1_166' title='bbox 565 2226 733 2305; x_wconf 86' lang='lat' dir='ltr'>triumphat</span> <span class='ocrx_word' id='word_1_167' title='bbox 750 2224 957 2287; x_wconf 89' lang='lat' dir='ltr'>Germanicus.</span> <span class='ocrx_word' id='word_1_168' title='bbox 973 2223 982 2240; x_wconf 76' lang='lat'><em>⁶</em></span> <span class='ocrx_word' id='word_1_169' title='bbox 1001 2227 1052 2288; x_wconf 89' lang='grc'><strong>42.</strong></span> <span class='ocrx_word' id='word_1_170' title='bbox 1067 2223 1236 2288; x_wconf 88' lang='lat' dir='ltr'>Archelaus</span> <span class='ocrx_word' id='word_1_171' title='bbox 1251 2245 1307 2287; x_wconf 87' lang='lat' dir='ltr'>rex</span> <span class='ocrx_word' id='word_1_172' title='bbox 1322 2225 1401 2307; x_wconf 90' lang='lat' dir='ltr'>Cap-</span> 
     </span>
     <span class='ocr_line' id='line_1_19' title="bbox 206 2328 1402 2410; baseline 0.001 -22"><span class='ocrx_word' id='word_1_173' title='bbox 206 2328 361 2410; x_wconf 87' lang='lat' dir='ltr'>padocum</span> <span class='ocrx_word' id='word_1_174' title='bbox 376 2328 407 2388; x_wconf 92' lang='lat' dir='ltr'>in</span> <span class='ocrx_word' id='word_1_175' title='bbox 425 2328 533 2388; x_wconf 89' lang='lat' dir='ltr'>urbem</span> <span class='ocrx_word' id='word_1_176' title='bbox 547 2329 664 2389; x_wconf 88' lang='lat' dir='ltr'>accitus</span> <span class='ocrx_word' id='word_1_177' title='bbox 680 2331 767 2408; x_wconf 83' lang='lat' dir='ltr'>perit.</span> <span class='ocrx_word' id='word_1_178' title='bbox 833 2330 884 2392; x_wconf 87' lang='grc'><strong>43.</strong></span> <span class='ocrx_word' id='word_1_179' title='bbox 907 2330 1008 2390; x_wconf 91' lang='lat' dir='ltr'>oriens</span> <span class='ocrx_word' id='word_1_180' title='bbox 1032 2330 1177 2392; x_wconf 85' lang='lat' dir='ltr'>turbatus</span> <span class='ocrx_word' id='word_1_181' title='bbox 1200 2331 1402 2392; x_wconf 84' lang='lat' dir='ltr'>committitur</span> 
     </span>
     <span class='ocr_line' id='line_1_20' title="bbox 203 2429 1401 2512; baseline 0 -20"><span class='ocrx_word' id='word_1_182' title='bbox 203 2431 393 2508; x_wconf 87' lang='lat' dir='ltr'>Germanico,</span> <span class='ocrx_word' id='word_1_183' title='bbox 407 2429 513 2493; x_wconf 90' lang='lat' dir='ltr'>Pisoni</span> <span class='ocrx_word' id='word_1_184' title='bbox 528 2431 626 2493; x_wconf 88' lang='lat' dir='ltr'>Suria.</span> <span class='ocrx_word' id='word_1_185' title='bbox 650 2430 725 2493; x_wconf 89' lang='lat' dir='ltr'>Eius</span> <span class='ocrx_word' id='word_1_186' title='bbox 744 2435 906 2512; x_wconf 80' lang='lat' dir='ltr'>ingenium.</span> <span class='ocrx_word' id='word_1_187' title='bbox 921 2431 1001 2495; x_wconf 91' lang='lat' dir='ltr'>Aula</span> <span class='ocrx_word' id='word_1_188' title='bbox 1016 2435 1143 2496; x_wconf 90' lang='lat' dir='ltr'>discors.</span> <span class='ocrx_word' id='word_1_189' title='bbox 1204 2434 1256 2496; x_wconf 84' lang='grc'><strong>44.</strong></span> <span class='ocrx_word' id='word_1_190' title='bbox 1278 2432 1401 2494; x_wconf 87' lang='lat' dir='ltr'>Drusus</span> 
     </span>
     <span class='ocr_line' id='line_1_21' title="bbox 203 2535 1401 2617; baseline 0.001 -21"><span class='ocrx_word' id='word_1_191' title='bbox 203 2538 234 2596; x_wconf 93' lang='lat' dir='ltr'>in</span> <span class='ocrx_word' id='word_1_192' title='bbox 257 2536 413 2617; x_wconf 80' lang='lat' dir='ltr'>Illyricum</span> <span class='ocrx_word' id='word_1_193' title='bbox 428 2537 551 2611; x_wconf 86' lang='lat' dir='ltr'>missus,</span> <span class='ocrx_word' id='word_1_194' title='bbox 582 2535 691 2597; x_wconf 88' lang='lat' dir='ltr'>Suebis</span> <span class='ocrx_word' id='word_1_195' title='bbox 722 2543 830 2597; x_wconf 88' lang='lat' dir='ltr'>contra</span> <span class='ocrx_word' id='word_1_196' title='bbox 855 2535 1028 2598; x_wconf 90' lang='lat' dir='ltr'>Cheruscos</span> <span class='ocrx_word' id='word_1_197' title='bbox 1052 2538 1202 2599; x_wconf 87' lang='lat' dir='ltr'>auxilium</span> <span class='ocrx_word' id='word_1_198' title='bbox 1217 2538 1401 2617; x_wconf 87' lang='lat' dir='ltr'>petentibus.</span> 
     </span>
     <span class='ocr_line' id='line_1_22' title="bbox 204 2639 1400 2721; baseline -0.002 -19"><span class='ocrx_word' id='word_1_199' title='bbox 204 2640 254 2706; x_wconf 80' lang='grc'><strong>45.</strong></span> <span class='ocrx_word' id='word_1_200' title='bbox 277 2642 320 2702; x_wconf 90' lang='lat' dir='ltr'>ita</span> <span class='ocrx_word' id='word_1_201' title='bbox 334 2641 413 2702; x_wconf 91' lang='lat' dir='ltr'>inter</span> <span class='ocrx_word' id='word_1_202' title='bbox 429 2660 463 2701; x_wconf 92' lang='lat' dir='ltr'>se</span> <span class='ocrx_word' id='word_1_203' title='bbox 486 2641 642 2701; x_wconf 89' lang='lat' dir='ltr'>discordes</span> <span class='ocrx_word' id='word_1_204' title='bbox 659 2639 800 2701; x_wconf 87' lang='lat' dir='ltr'>Germani</span> <span class='ocrx_word' id='word_1_205' title='bbox 815 2642 1019 2720; x_wconf 82' lang='lat' dir='ltr'>accinguntur</span> <span class='ocrx_word' id='word_1_206' title='bbox 1042 2641 1080 2702; x_wconf 90' lang='lat' dir='ltr'>ad</span> <span class='ocrx_word' id='word_1_207' title='bbox 1105 2659 1249 2721; x_wconf 81' lang='lat' dir='ltr'>pugnam.</span> <span class='ocrx_word' id='word_1_208' title='bbox 1271 2639 1400 2704; x_wconf 87' lang='lat' dir='ltr'>Arminii</span> 
     </span>
     <span class='ocr_line' id='line_1_23' title="bbox 201 2742 1399 2825; baseline -0.002 -17"><span class='ocrx_word' id='word_1_209' title='bbox 201 2747 242 2808; x_wconf 88' lang='lat' dir='ltr'>ad</span> <span class='ocrx_word' id='word_1_210' title='bbox 257 2763 333 2809; x_wconf 86' lang='lat' dir='ltr'>suos</span> <span class='ocrx_word' id='word_1_211' title='bbox 349 2746 456 2807; x_wconf 88' lang='lat' dir='ltr'>oratio.</span> <span class='ocrx_word' id='word_1_212' title='bbox 523 2745 584 2812; x_wconf 65' lang='grc'><strong>46.</strong></span> <span class='ocrx_word' id='word_1_213' title='bbox 598 2743 780 2806; x_wconf 89' lang='lat' dir='ltr'>Marobodui</span> <span class='ocrx_word' id='word_1_214' title='bbox 794 2746 867 2805; x_wconf 84' lang='lat' dir='ltr'>item</span> <span class='ocrx_word' id='word_1_215' title='bbox 881 2745 920 2805; x_wconf 88' lang='lat' dir='ltr'>ad</span> <span class='ocrx_word' id='word_1_216' title='bbox 936 2764 1020 2806; x_wconf 87' lang='lat' dir='ltr'>suos.</span> <span class='ocrx_word' id='word_1_217' title='bbox 1038 2742 1136 2805; x_wconf 88' lang='lat' dir='ltr'>Atrox</span> <span class='ocrx_word' id='word_1_218' title='bbox 1150 2745 1310 2825; x_wconf 83' lang='lat' dir='ltr'>proelium,</span> <span class='ocrx_word' id='word_1_219' title='bbox 1334 2745 1399 2808; x_wconf 87' lang='lat' dir='ltr'>Ma-</span> 
     </span>
     <span class='ocr_line' id='line_1_24' title="bbox 203 2845 1401 2928; baseline 0.002 -18"><span class='ocrx_word' id='word_1_220' title='bbox 203 2849 363 2912; x_wconf 86' lang='lat' dir='ltr'>roboduus</span> <span class='ocrx_word' id='word_1_221' title='bbox 382 2868 439 2928; x_wconf 91' lang='lat' dir='ltr'>pro</span> <span class='ocrx_word' id='word_1_222' title='bbox 455 2848 546 2908; x_wconf 86' lang='lat' dir='ltr'>victo.</span> <span class='ocrx_word' id='word_1_223' title='bbox 613 2849 664 2910; x_wconf 93' lang='grc'><strong>47.</strong></span> <span class='ocrx_word' id='word_1_224' title='bbox 687 2854 904 2909; x_wconf 89' lang='lat' dir='ltr'>terraemotus</span> <span class='ocrx_word' id='word_1_225' title='bbox 928 2850 959 2909; x_wconf 92' lang='lat' dir='ltr'>in</span> <span class='ocrx_word' id='word_1_226' title='bbox 973 2846 1056 2910; x_wconf 87' lang='lat' dir='ltr'>Asia.</span> <span class='ocrx_word' id='word_1_227' title='bbox 1080 2845 1125 2908; x_wconf 87' lang='lat' dir='ltr'>Eo</span> <span class='ocrx_word' id='word_1_228' title='bbox 1142 2849 1272 2911; x_wconf 82' lang='lat' dir='ltr'>afflictos</span> <span class='ocrx_word' id='word_1_229' title='bbox 1296 2850 1401 2912; x_wconf 89' lang='lat' dir='ltr'>suble-</span> 
     </span>
     <span class='ocr_line' id='line_1_25' title="bbox 202 2951 1400 3032; baseline 0.003 -20"><span class='ocrx_word' id='word_1_230' title='bbox 202 2957 255 3012; x_wconf 85' lang='lat' dir='ltr'>vat</span> <span class='ocrx_word' id='word_1_231' title='bbox 270 2951 418 3013; x_wconf 83' lang='lat' dir='ltr'>Tiberius.</span> <span class='ocrx_word' id='word_1_232' title='bbox 478 2952 530 3015; x_wconf 80' lang='lat'>48.</span> <span class='ocrx_word' id='word_1_233' title='bbox 553 2951 584 3011; x_wconf 93' lang='lat' dir='ltr'>in</span> <span class='ocrx_word' id='word_1_234' title='bbox 600 2951 676 3011; x_wconf 89' lang='lat' dir='ltr'>alios</span> <span class='ocrx_word' id='word_1_235' title='bbox 692 2969 754 3011; x_wconf 89' lang='lat' dir='ltr'>non</span> <span class='ocrx_word' id='word_1_236' title='bbox 769 2952 870 3012; x_wconf 88' lang='lat' dir='ltr'>minus</span> <span class='ocrx_word' id='word_1_237' title='bbox 894 2951 1035 3012; x_wconf 86' lang='lat' dir='ltr'>liberalis.</span> <span class='ocrx_word' id='word_1_238' title='bbox 1101 2952 1152 3013; x_wconf 91' lang='grc'><strong>49.</strong></span> <span class='ocrx_word' id='word_1_239' title='bbox 1175 2952 1289 3032; x_wconf 90' lang='lat' dir='ltr'>templa</span> <span class='ocrx_word' id='word_1_240' title='bbox 1304 2971 1400 3032; x_wconf 88' lang='lat' dir='ltr'>quac·</span> 
     </span>
     <span class='ocr_line' id='line_1_26' title="bbox 202 3053 1400 3138; baseline 0 -20"><span class='ocrx_word' id='word_1_241' title='bbox 202 3059 273 3118; x_wconf 93' lang='lat' dir='ltr'>dam</span> <span class='ocrx_word' id='word_1_242' title='bbox 287 3059 435 3120; x_wconf 84' lang='lat' dir='ltr'>dedicata.</span> <span class='ocrx_word' id='word_1_243' title='bbox 505 3057 555 3120; x_wconf 83' lang='lat'>50.</span> <span class='ocrx_word' id='word_1_244' title='bbox 579 3056 694 3117; x_wconf 88' lang='lat' dir='ltr'>Varilla</span> <span class='ocrx_word' id='word_1_245' title='bbox 708 3057 875 3117; x_wconf 89' lang='lat' dir='ltr'>maiestatis</span> <span class='ocrx_word' id='word_1_246' title='bbox 891 3057 1055 3136; x_wconf 87' lang='lat' dir='ltr'>postulata.</span> <span class='ocrx_word' id='word_1_247' title='bbox 1123 3053 1174 3119; x_wconf 85' lang='lat'>51.</span> <span class='ocrx_word' id='word_1_248' title='bbox 1198 3057 1236 3118; x_wconf 96' lang='lat' dir='ltr'>de</span> <span class='ocrx_word' id='word_1_249' title='bbox 1259 3067 1400 3138; x_wconf 85' lang='lat' dir='ltr'>praetore</span> 
     </span>
     <span class='ocr_line' id='line_1_27' title="bbox 203 3159 1400 3241; baseline 0.001 -20"><span class='ocrx_word' id='word_1_250' title='bbox 203 3161 420 3222; x_wconf 88' lang='lat' dir='ltr'>substituendo</span> <span class='ocrx_word' id='word_1_251' title='bbox 436 3162 601 3222; x_wconf 88' lang='lat' dir='ltr'>contentio.</span> <span class='ocrx_word' id='word_1_252' title='bbox 668 3160 718 3222; x_wconf 83' lang='lat'>52.</span> <span class='ocrx_word' id='word_1_253' title='bbox 741 3159 962 3221; x_wconf 88' lang='lat' dir='ltr'>Tacfarinatem</span> <span class='ocrx_word' id='word_1_254' title='bbox 980 3166 1009 3220; x_wconf 92' lang='lat' dir='ltr'>et</span> <span class='ocrx_word' id='word_1_255' title='bbox 1033 3159 1206 3241; x_wconf 87' lang='lat' dir='ltr'>Mazippam</span> <span class='ocrx_word' id='word_1_256' title='bbox 1229 3162 1345 3224; x_wconf 92' lang='lat' dir='ltr'>bellum</span> <span class='ocrx_word' id='word_1_257' title='bbox 1369 3165 1400 3222; x_wconf 88' lang='lat' dir='ltr'>in</span> 
     </span>
     <span class='ocr_line' id='line_1_28' title="bbox 203 3245 1346 3344; baseline -0.002 -18"><span class='ocrx_word' id='word_1_258' title='bbox 203 3261 306 3326; x_wconf 83' lang='lat' dir='ltr'>Africa</span> <span class='ocrx_word' id='word_1_259' title='bbox 320 3270 479 3324; x_wconf 86' lang='lat' dir='ltr'>moventes</span> <span class='ocrx_word' id='word_1_260' title='bbox 495 3265 600 3326; x_wconf 86' lang='lat' dir='ltr'>fundit</span> <span class='ocrx_word' id='word_1_261' title='bbox 615 3262 771 3327; x_wconf 88' lang='lat' dir='ltr'>Camillus.</span> <span class='ocrx_word' id='word_1_262' title='bbox 794 3265 1004 3344; x_wconf 89' lang='lat' dir='ltr'>Triumphalia</span> <span class='ocrx_word' id='word_1_263' title='bbox 1017 3264 1045 3326; x_wconf 91' lang='lat' dir='ltr'>ei</span> <span class='ocrx_word' id='word_1_264' title='bbox 1060 3265 1189 3326; x_wconf 86' lang='lat' dir='ltr'>decreta.</span> <span class='ocrx_word' id='word_1_265' title='bbox 1341 3245 1346 3253; x_wconf 44' lang='lat'><strong><em>¹</em></strong></span> 
     </span>
    </p>

    <p class='ocr_par' dir='ltr' id='par_1_3' title="bbox 202 3366 1401 4173">
     <span class='ocr_line' id='line_1_29' title="bbox 309 3366 1400 3432; baseline 0.004 -6"><span class='ocrx_word' id='word_1_266' title='bbox 309 3367 359 3430; x_wconf 85' lang='lat'>53.</span> <span class='ocrx_word' id='word_1_267' title='bbox 376 3366 547 3429; x_wconf 87' lang='lat' dir='ltr'>Germanici</span> <span class='ocrx_word' id='word_1_268' title='bbox 561 3370 645 3430; x_wconf 88' lang='lat' dir='ltr'>varia</span> <span class='ocrx_word' id='word_1_269' title='bbox 670 3369 786 3431; x_wconf 86' lang='lat' dir='ltr'>itinera.</span> <span class='ocrx_word' id='word_1_270' title='bbox 853 3368 903 3431; x_wconf 86' lang='grc'><strong>54.</strong></span> <span class='ocrx_word' id='word_1_271' title='bbox 927 3369 1060 3432; x_wconf 86' lang='lat' dir='ltr'>consulit</span> <span class='ocrx_word' id='word_1_272' title='bbox 1084 3369 1115 3430; x_wconf 92' lang='lat' dir='ltr'>in</span> <span class='ocrx_word' id='word_1_273' title='bbox 1140 3368 1241 3430; x_wconf 86' lang='lat' dir='ltr'>reditu</span> <span class='ocrx_word' id='word_1_274' title='bbox 1263 3367 1400 3432; x_wconf 85' lang='lat' dir='ltr'>Clarium</span> 
     </span>
     <span class='ocr_line' id='line_1_30' title="bbox 203 3467 1401 3553; baseline 0.002 -19"><span class='ocrx_word' id='word_1_275' title='bbox 203 3467 385 3553; x_wconf 87' lang='lat' dir='ltr'>Apollinem.</span> <span class='ocrx_word' id='word_1_276' title='bbox 412 3469 536 3534; x_wconf 89' lang='lat' dir='ltr'>Oraculi</span> <span class='ocrx_word' id='word_1_277' title='bbox 551 3474 638 3534; x_wconf 84' lang='lat' dir='ltr'>ratio.</span> <span class='ocrx_word' id='word_1_278' title='bbox 704 3471 755 3534; x_wconf 88' lang='grc'><strong>55.</strong></span> <span class='ocrx_word' id='word_1_279' title='bbox 778 3471 849 3533; x_wconf 90' lang='lat' dir='ltr'>Piso</span> <span class='ocrx_word' id='word_1_280' title='bbox 868 3479 898 3533; x_wconf 91' lang='lat' dir='ltr'>et</span> <span class='ocrx_word' id='word_1_281' title='bbox 913 3491 993 3535; x_wconf 88' lang='lat' dir='ltr'>uxor</span> <span class='ocrx_word' id='word_1_282' title='bbox 1015 3471 1160 3534; x_wconf 87' lang='lat' dir='ltr'>Plancina</span> <span class='ocrx_word' id='word_1_283' title='bbox 1184 3471 1401 3536; x_wconf 87' lang='lat' dir='ltr'>Germanicum</span> 
     </span>
     <span class='ocr_line' id='line_1_31' title="bbox 202 3575 1400 3657; baseline 0.003 -21"><span class='ocrx_word' id='word_1_284' title='bbox 202 3576 409 3656; x_wconf 86' lang='lat' dir='ltr'>insectantur;</span> <span class='ocrx_word' id='word_1_285' title='bbox 433 3577 526 3638; x_wconf 92' lang='lat' dir='ltr'>etiam</span> <span class='ocrx_word' id='word_1_286' title='bbox 542 3584 645 3639; x_wconf 87' lang='lat' dir='ltr'>castra</span> <span class='ocrx_word' id='word_1_287' title='bbox 660 3583 870 3657; x_wconf 87' lang='lat' dir='ltr'>corrumpunt.</span> <span class='ocrx_word' id='word_1_288' title='bbox 938 3577 990 3641; x_wconf 87' lang='lat'>56.</span> <span class='ocrx_word' id='word_1_289' title='bbox 1014 3577 1213 3639; x_wconf 87' lang='lat' dir='ltr'>Germanicus</span> <span class='ocrx_word' id='word_1_290' title='bbox 1236 3575 1400 3640; x_wconf 87' lang='lat' dir='ltr'>Armeniae</span> 
     </span>
     <span class='ocr_line' id='line_1_32' title="bbox 203 3677 1400 3762; baseline 0.002 -22"><span class='ocrx_word' id='word_1_291' title='bbox 203 3699 313 3759; x_wconf 81' lang='lat' dir='ltr'>regem,</span> <span class='ocrx_word' id='word_1_292' title='bbox 337 3678 548 3762; x_wconf 89' lang='lat' dir='ltr'>Cappadociae</span> <span class='ocrx_word' id='word_1_293' title='bbox 572 3686 602 3743; x_wconf 87' lang='lat' dir='ltr'>et</span> <span class='ocrx_word' id='word_1_294' title='bbox 627 3677 846 3760; x_wconf 74' lang='lat' dir='ltr'>commagenae</span> <span class='ocrx_word' id='word_1_295' title='bbox 870 3681 986 3762; x_wconf 77' lang='lat' dir='ltr'>legatos</span> <span class='ocrx_word' id='word_1_296' title='bbox 1002 3683 1136 3762; x_wconf 90' lang='lat' dir='ltr'>imponit.</span> <span class='ocrx_word' id='word_1_297' title='bbox 1204 3682 1254 3746; x_wconf 83' lang='lat'>57.</span> <span class='ocrx_word' id='word_1_298' title='bbox 1275 3681 1400 3744; x_wconf 88' lang='lat' dir='ltr'>Pisonis</span> 
     </span>
     <span class='ocr_line' id='line_1_33' title="bbox 203 3783 1401 3862; baseline 0.002 -16"><span class='ocrx_word' id='word_1_299' title='bbox 203 3783 365 3846; x_wconf 88' lang='lat' dir='ltr'>insolentia</span> <span class='ocrx_word' id='word_1_300' title='bbox 388 3785 420 3843; x_wconf 90' lang='lat' dir='ltr'>in</span> <span class='ocrx_word' id='word_1_301' title='bbox 452 3801 629 3862; x_wconf 84' lang='lat' dir='ltr'>congressu,</span> <span class='ocrx_word' id='word_1_302' title='bbox 660 3785 798 3861; x_wconf 86' lang='lat' dir='ltr'>consilio,</span> <span class='ocrx_word' id='word_1_303' title='bbox 826 3786 982 3848; x_wconf 87' lang='lat' dir='ltr'>conviviis.</span> <span class='ocrx_word' id='word_1_304' title='bbox 1049 3786 1100 3849; x_wconf 83' lang='lat'>58.</span> <span class='ocrx_word' id='word_1_305' title='bbox 1132 3785 1276 3847; x_wconf 86' lang='lat' dir='ltr'>Vonones</span> <span class='ocrx_word' id='word_1_306' title='bbox 1306 3785 1401 3850; x_wconf 89' lang='lat' dir='ltr'>Suria</span> 
     </span>
     <span class='ocr_line' id='line_1_34' title="bbox 203 3885 1401 3972; baseline 0.007 -26"><span class='ocrx_word' id='word_1_307' title='bbox 203 3887 354 3950; x_wconf 82' lang='lat' dir='ltr'>demotus.</span> <span class='ocrx_word' id='word_1_308' title='bbox 423 3887 475 3950; x_wconf 86' lang='grc'><strong>59.</strong></span> <span class='ocrx_word' id='word_1_309' title='bbox 508 3885 705 3950; x_wconf 86' lang='lat' dir='ltr'>Germanicus</span> <span class='ocrx_word' id='word_1_310' title='bbox 735 3887 909 3972; x_wconf 75' lang='lat' dir='ltr'>Aegyptum</span> <span class='ocrx_word' id='word_1_311' title='bbox 938 3890 1023 3971; x_wconf 85' lang='lat' dir='ltr'>petit,</span> <span class='ocrx_word' id='word_1_312' title='bbox 1054 3889 1244 3971; x_wconf 88' lang='lat' dir='ltr'>improbante</span> <span class='ocrx_word' id='word_1_313' title='bbox 1268 3890 1401 3954; x_wconf 89' lang='lat' dir='ltr'>Tiberio.</span> 
     </span>
     <span class='ocr_line' id='line_1_35' title="bbox 204 3985 1401 4074; baseline 0.007 -24"><span class='ocrx_word' id='word_1_314' title='bbox 204 3990 255 4051; x_wconf 90' lang='grc'><strong>60.</strong></span> <span class='ocrx_word' id='word_1_315' title='bbox 291 3990 363 4051; x_wconf 88' lang='lat' dir='ltr'>visit</span> <span class='ocrx_word' id='word_1_316' title='bbox 392 3985 561 4072; x_wconf 84' lang='lat' dir='ltr'>Canopum,</span> <span class='ocrx_word' id='word_1_317' title='bbox 589 3996 728 4054; x_wconf 80' lang='lat' dir='ltr'>velerum</span> <span class='ocrx_word' id='word_1_318' title='bbox 758 3992 933 4056; x_wconf 90' lang='lat' dir='ltr'>Thebarum</span> <span class='ocrx_word' id='word_1_319' title='bbox 963 3994 1099 4074; x_wconf 80' lang='lat' dir='ltr'>vestigia,</span> <span class='ocrx_word' id='word_1_320' title='bbox 1175 3995 1225 4057; x_wconf 85' lang='lat'>61.</span> <span class='ocrx_word' id='word_1_321' title='bbox 1262 3999 1401 4058; x_wconf 82' lang='lat' dir='ltr'>statuam</span> 
     </span>
     <span class='ocr_line' id='line_1_36' title="bbox 203 4093 1401 4173; baseline 0.007 -19"><span class='ocrx_word' id='word_1_322' title='bbox 203 4093 383 4170; x_wconf 86' lang='lat' dir='ltr'>Memnonis,</span> <span class='ocrx_word' id='word_1_323' title='bbox 398 4095 579 4173; x_wconf 75' lang='lat' dir='ltr'>pyramides,</span> <span class='ocrx_word' id='word_1_324' title='bbox 594 4095 659 4158; x_wconf 82' lang='lat' dir='ltr'>alia</span> <span class='ocrx_word' id='word_1_325' title='bbox 728 4098 778 4160; x_wconf 83' lang='lat'>62.</span> <span class='ocrx_word' id='word_1_326' title='bbox 801 4096 942 4160; x_wconf 87' lang='lat' dir='ltr'>Germani</span> <span class='ocrx_word' id='word_1_327' title='bbox 966 4096 1177 4160; x_wconf 83' lang='lat' dir='ltr'>discordantes</span> <span class='ocrx_word' id='word_1_328' title='bbox 1199 4103 1269 4158; x_wconf 83' lang='lat' dir='ltr'>astu</span> <span class='ocrx_word' id='word_1_329' title='bbox 1295 4097 1401 4165; x_wconf 85' lang='lat' dir='ltr'>Drusi.</span> 
     </span>
    </p>
   </div>
   <div class='ocr_carea' id='block_1_2' title="bbox 0 0 1510 4421">
    <p class='ocr_par' dir='ltr' id='par_1_4' title="bbox 0 0 1510 4421">
     <span class='ocr_line' id='line_1_37' title="bbox 0 0 1510 4421; baseline 0 0"><span class='ocrx_word' id='word_1_330' title='bbox 0 0 1510 4421; x_wconf 95' lang='lat' dir='ltr'> </span> 
     </span>
    </p>
   </div>
  </div>
 </body>
</html>
