3010 4430
442 233 483 278 ns
504 232 645 281 excessu
664 233 803 280 auousrr
819 215 855 279 ll.
871 214 1009 280 57-62.
1248 211 1289 276 75

137 426 179 472 ac
193 407 298 472 maris
315 407 467 490 quamvis
483 407 549 471 levi
565 406 734 488 praesidio
752 407 930 471 adversum
955 405 1107 486 ingentes
1123 403 1290 468 exercitus

136 511 324 576 insedisset.
973 535 974 538 ¹
1301 521 1333 574 15

242 613 293 681 60.
317 613 382 680 Sed
392 611 612 678 Germanicus
622 614 771 678 nondum
782 621 953 694 comperto
964 611 1206 694 profectionem
1217 629 1292 677 eam

138 719 288 784 incusari
304 718 379 783 Nilo
397 717 656 799 subvehebatur,
682 738 779 784 orsus
804 719 927 801 oppido
954 715 1136 798 aCanopo.
1168 715 1292 781 Condi-

140 822 219 886 dere
235 823 268 887 id
285 821 444 902 Spartani
460 821 503 888 ob
520 823 687 904 sepultum
712 822 781 887 illic
805 829 971 888 rectorem
996 823 1093 887 navis
1109 819 1292 901 Canopum,

140 945 207 1008 qua
232 932 432 1007 tempestate
461 926 634 992 Menelaus
665 925 843 993 Graeciam
868 933 1024 1009 repetens
1056 926 1224 990 diversum
1249 923 1292 988 ad

140 1048 233 1096 mare
249 1036 441 1114 terramque
457 1031 598 1116 Libyam
616 1033 765 1098 deiectus
784 1035 841 1098 est.
873 1031 953 1098 lude
978 1032 1167 1113 proximum
1183 1029 1292 1093 amnis
1318 1044 1336 1097 5

141 1153 179 1198 os
194 1134 341 1198 dicatum
359 1134 502 1212 Herculi,
533 1155 632 1219 quem
658 1137 835 1218 indigenae
855 1144 965 1202 ortum
992 1134 1080 1217 apud
1097 1153 1133 1198 se
1150 1139 1183 1199 et
1207 1133 1293 1197 anti-

141 1240 337 1322 quissimum
353 1241 534 1322 perhibent
550 1261 685 1327 eosque,
714 1243 771 1326 qui
796 1249 915 1324 postea
930 1243 1005 1323 pari
1021 1241 1144 1304 virtute
1160 1238 1293 1317 fuerint,

142 1343 178 1406 in
194 1333 451 1424 cognomentum
468 1347 539 1410 eius
556 1347 720 1426 adscitos;
746 1364 824 1411 mox
839 1347 918 1411 visit
932 1351 1085 1411 veterum
1101 1343 1293 1408 Thebarum

143 1463 264 1526 magna
278 1449 428 1530 vestigia.
452 1450 491 1514 Et
507 1451 692 1516 manebant
708 1453 843 1516 structis
860 1450 1003 1516 molibus
1013 1450 1147 1514 litterae
1161 1447 1293 1530 Aegyp-

145 1551 222 1632 tiae,
237 1552 382 1631 priorem
398 1554 605 1634 opulentiam
622 1556 838 1637 complexae:
866 1557 1044 1639 iussusque
1069 1573 1087 1619 e
1103 1551 1293 1618 senioribus
1305 1567 1338 1620 ιο

142 1655 356 1720 sacerdotum
381 1657 527 1737 patrium
544 1677 734 1724 sermonem
752 1661 977 1742 interpretari,
1004 1658 1173 1726 referebat
1197 1655 1294 1722 habi-

142 1765 235 1823 tasse
250 1761 419 1841 quondam
437 1761 648 1844 septingenta
663 1764 756 1829 milia
772 1771 885 1830 aetate
895 1765 1041 1840 militari,
1058 1771 1159 1845 atque
1169 1776 1209 1824 eo
1221 1777 1297 1822 cum

144 1862 296 1928 exercitu
311 1881 423 1944 regem
438 1864 609 1930 Rhamsen
625 1866 731 1950 libya
755 1865 935 1949 Aethiopia
950 1866 1120 1948 Medisque
1137 1869 1169 1928 et
1185 1861 1296 1925 Persis

144 1971 181 2030 et
195 1965 375 2032 Bactriano
394 1986 434 2032 ac
450 1967 576 2050 Scytha
592 1972 744 2051 potitum
769 1991 920 2056 quasque
944 1979 1054 2035 terras
1078 1968 1155 2035 Suri
1180 1965 1297 2029 Arme-

143 2070 258 2153 niique
275 2076 308 2134 et
324 2072 478 2153 contigui
496 2071 714 2155 Cappadoces
740 2076 863 2156 colunt,
894 2076 972 2139 inde
997 2074 1186 2156 Bithynum,
1207 2069 1295 2164 hinc
1305 2083 1339 2138 15

144 2173 284 2256 Lycium
300 2174 344 2238 ad
360 2193 453 2240 mare
470 2177 611 2258 imperio
628 2181 784 2244 tenuisse.
800 2179 1013 2262 Legebantur
1028 2183 1062 2242 et
1077 2176 1204 2241 indicta
1220 2191 1299 2256 gen·

143 2277 237 2343 tibus
251 2278 387 2358 tributa,
402 2282 533 2362 pondus
550 2284 680 2365 argenti
695 2290 728 2350 et
737 2287 821 2363 auri,
837 2303 996 2349 numerus
1012 2300 1183 2348 armorum
1199 2296 1300 2362 equo·

144 2401 286 2466 rumque
303 2390 336 2448 et
351 2385 441 2449 dona
457 2386 589 2467 templis
606 2387 689 2452 ebur
716 2394 817 2472 atque
842 2389 974 2469 odores,
1004 2404 1154 2470 quasque
1185 2383 1300 2464 copias

145 2486 307 2552 frumenti
323 2494 356 2553 et
371 2490 519 2554 omnium
536 2491 728 2556 utensilium
745 2511 899 2576 quaeque
914 2493 1008 2556 natio
1025 2491 1196 2572 penderet,
1210 2485 1301 2552 haud

144 2591 259 2656 minus
275 2591 460 2674 magnifica,
475 2613 577 2676 quarn
593 2615 682 2660 nunc
708 2597 741 2660 vi
766 2596 968 2662 Parthorum
993 2602 1052 2660 aut
1067 2593 1219 2676 potentia
1234 2591 1300 2655 Ro·
1310 2603 1346 2658 ao

144 2712 251 2760 mana
265 2694 430 2760 iubentur.

254 2800 304 2864 61.
326 2798 482 2866 Ceterum
499 2801 719 2868 Germanicus
737 2803 812 2868 aliis
828 2821 959 2887 quoque
975 2800 1146 2865 miraculis
1162 2795 1305 2862 intendit

146 2905 309 2984 animum,
324 2923 466 2987 quorum
483 2907 666 2988 praecipua
676 2905 770 2972 fuere
785 2907 973 2972 Memnonis
986 2923 1089 2970 saxea
1101 2901 1235 2984 effigies,
1245 2898 1303 2963 ubi

145 3007 256 3074 radiis
272 3008 351 3072 solis
367 3009 435 3074 ieta
451 3016 512 3091 est,
528 3011 680 3076 vocalem
697 3029 816 3076 sonum
833 3010 987 3088 reddens,
1011 3008 1236 3088 disiectasque
1252 3003 1304 3066 in-

145 3120 203 3178 ter
220 3119 253 3177 et
267 3113 324 3176 vix
340 3114 474 3194 pervias
491 3133 614 3179 arenas
630 3115 738 3180 instar
755 3115 918 3180 montium
944 3115 1086 3178 eductae
1112 3109 1304 3194 pyramides

147 3217 336 3282 certamine
352 3224 385 3281 et
411 3217 532 3298 opibus
555 3236 679 3299 regum,
709 3219 869 3301 lacusque
894 3216 1017 3282 effossa
1044 3217 1156 3296 humo,
1187 3231 1304 3294 super·
1332 3226 1348 3278 5

146 3319 286 3385 fluentis
301 3319 367 3384 Nili
382 3322 616 3402 receptacula;
649 3329 749 3406 atque
773 3323 854 3388 alibi
873 3322 1048 3402 angustiae
1079 3326 1112 3385 et
1139 3317 1307 3402 profunda

147 3423 304 3503 altitudo,
328 3424 428 3488 nullis
444 3425 684 3508 inquirentium
700 3427 818 3506 spatiis
834 3425 1070 3509 penetrabiles.
1104 3424 1199 3487 Exim
1223 3438 1306 3486 ven-

146 3535 224 3592 tum
239 3527 484 3609 Elephantinen
508 3547 548 3593 ac
573 3528 715 3612 Syenen,
739 3530 889 3595 claustra
904 3528 984 3593 olim
1009 3528 1152 3593 Romani
1167 3523 1307 3605 imperii,

146 3632 242 3715 quod
259 3649 347 3696 nuno
363 3633 502 3697 rubrum
519 3634 562 3697 ad
578 3652 673 3698 mare
689 3635 840 3714 patescit.

258 3735 309 3800 62.
332 3736 417 3801 Dum
442 3755 484 3802 ea
508 3743 621 3802 aestas
652 3735 853 3802 Germanico
884 3741 996 3819 plures
1027 3754 1085 3816 per
1115 3731 1308 3814 provincias

147 3825 359 3928 transigitur,
383 3844 474 3910 haud
499 3843 572 3911 leve
598 3846 701 3911 decus
716 3846 843 3910 Drusus
859 3845 1025 3929 quaesivit
1041 3842 1194 3907 inliciens
1224 3835 1307 3903 Ger-

147 3971 275 4020 manos
291 3951 334 4016 ad
352 3949 539 4015 discordias
555 3954 658 4030 utque
679 3947 787 4013 fracto
812 3949 880 4012 iam
905 3944 1114 4012 Maroboduo
1138 3959 1244 4024 usque
1274 3940 1309 4003 in

148 4055 297 4122 exitium
314 4053 534 4118 insisteretur.
557 4051 638 4118 Erat
664 4052 751 4115 inter
776 4049 923 4116 Gotones
948 4047 1069 4111 nobilis
1093 4045 1223 4110 iuvenis
1248 4061 1309 4106 no·
