3010 4430
150 453 209 514 63.
231 451 441 537 Maroboduus
467 451 497 520 vi
512 447 678 524 Catualdae
702 435 815 529 pulsus
840 449 978 526 confugit
1001 449 1040 508 ad
1063 448 1228 512 Romanos.
1249 448 1354 508 eadem

151 577 230 619 mox
246 559 371 619 fortuna
385 554 559 618 Catualdae.
627 555 669 614 64
693 554 873 615 Germanico
897 561 928 614 et
957 553 1060 614 Druso
1090 554 1213 614 decreta
1242 551 1352 613 ovatio.

151 660 374 740 Rhescuporis,
391 655 486 739 Cotye
502 658 605 719 fratris
620 658 682 739 filio
701 675 859 738 oppresso,
874 656 1043 724 Romanam
1059 657 1239 718 divisionem
1253 673 1354 734 egres-

150 785 221 841 sus,
236 766 318 828 illius
333 771 452 845 partem
467 765 591 846 appetit.
658 763 710 825 65.
734 764 803 842 ipso
835 759 930 842 Cotye
959 781 1014 842 per
1045 763 1184 823 fraudem
1214 779 1353 842 compre-

155 871 256 929 henso
271 871 447 931 nniversam
470 867 632 931 Thraciam
657 873 799 948 occupat.
869 868 919 928 66.
942 886 961 927 a
976 857 1097 927 Tiberio
1113 867 1152 927 ad
1167 885 1295 927 oausam
1310 866 1354 925 di-

148 971 285 1033 cendam
299 978 430 1034 vocatus
447 969 546 1052 Cotyn
562 971 684 1036 occidit.
756 972 807 1034 67.
829 970 958 1031 Romam
981 969 1150 1051 perductus
1174 975 1204 1030 et
1230 969 1354 1030 damna·

153 1083 208 1136 tus
223 1081 259 1136 ut
274 1075 384 1155 procul
408 1094 501 1154 regno
517 1081 682 1138 teneretur.
749 1075 799 1136 68.
822 1073 966 1135 Vonones
989 1075 1093 1152 sugam
1116 1078 1222 1149 tentat,
1246 1080 1278 1134 at
1301 1074 1354 1134 de-

155 1180 331 1260 prehensus
346 1180 528 1260 confoditur.
598 1181 649 1242 69.
669 1177 869 1262 Germanicus
885 1198 924 1239 ex
937 1175 1076 1264 Aegypto
1092 1197 1234 1239 reversus
1249 1197 1354 1257 aegro-

154 1289 204 1342 tat
220 1283 343 1358 scelere,
359 1290 394 1343 ut
411 1283 555 1358 creditur,
570 1281 699 1343 Pisonis.
768 1282 817 1344 70.
840 1282 868 1343 ei
892 1282 1055 1343 amicitiam
1079 1284 1239 1344 renunciat
1253 1288 1355 1343 vetere

154 1405 253 1448 more.
319 1389 368 1448 71.
437 1388 487 1451 72:
510 1387 654 1448 mandata
683 1385 884 1447 familiaribus
915 1386 1030 1447 ultione
1060 1386 1201 1466 datisque
1232 1386 1355 1466 coniugi

155 1490 284 1551 monitis
299 1493 437 1554 moritur.
505 1486 555 1556 73.
577 1489 752 1552 Alexandro
781 1509 892 1570 magno
917 1495 1113 1572 comparatus
1138 1497 1167 1552 et
1190 1491 1354 1571 praelatus.

152 1595 210 1655 74.
233 1585 358 1656 Sentius
374 1594 481 1657 Suriae
496 1596 681 1675 praeficitur.
751 1595 801 1656 75.
823 1593 992 1684 agrippina
1016 1596 1215 1677 properatin
1238 1596 1354 1657 urbem.

149 1699 209 1758 76.
232 1697 523 1761 PisoniGermanici
539 1718 613 1760 casu
638 1699 805 1760 exsultanti
830 1700 962 1760 reditum
985 1700 1016 1760 in
1046 1699 1167 1761 Suriam
1196 1701 1355 1762 dissuadet

152 1801 250 1876 filius,
318 1803 368 1866 77.
392 1804 501 1864 suadet
525 1807 632 1864 contra
662 1801 757 1866 Celer.
823 1803 873 1865 78.
903 1802 974 1864 Piso
1004 1805 1036 1864 in
1064 1805 1143 1864 hanc
1172 1805 1354 1865 sententiam
1426 1802 1428 1813 “

153 1910 276 1966 tractus
295 1906 390 1966 missa
404 1907 442 1967 ad
458 1905 613 1976 Tiberium
626 1907 761 1986 epistula
777 1925 810 1967 se
826 1912 962 1970 excusat.
1031 1905 1081 1968 79.
1103 1908 1165 1966 vim
1188 1924 1299 1986 parans
1323 1909 1354 1965 in

149 2027 372 2071 successorem
387 2009 528 2073 Sentium
543 2010 663 2071 obviam
686 2011 721 2070 fit
746 2007 937 2090 Agrippinae.
1004 2010 1054 2070 80.
1077 2011 1238 2072 castellum
1261 2029 1354 2071 oecu-

154 2117 219 2192 pat,
235 2112 332 2173 aciem
346 2114 479 2178 instruit
545 2114 596 2177 81.
612 2093 705 2194 pulso
722 2120 825 2174 tutum
840 2114 898 2174 iter
920 2113 1050 2174 Romam
1074 2133 1093 2174 a
1116 2112 1220 2174 Sentio
1245 2131 1354 2175 conce-

148 2215 250 2278 ditur.
316 2217 366 2278 82.
392 2217 434 2278 ibi
449 2236 560 2297 magna
575 2217 614 2281 ob
630 2237 736 2280 necem
754 2217 925 2280 Germanici
939 2219 985 2278 ira
999 2219 1157 2280 etluctus.
1222 2218 1272 2279 83.
1296 2217 1352 2280 ho.

154 2337 249 2380 norea
275 2320 301 2379 ei
325 2319 448 2383 decreti.
515 2323 565 2382 84.
588 2321 673 2384 Livia
696 2321 799 2384 Druso
831 2322 974 2401 gemellos
1006 2323 1095 2402 parit,
1126 2321 1164 2383 ad
1180 2323 1308 2402 gloriam
1321 2323 1352 2381 id

150 2423 248 2483 vertit
262 2421 411 2502 Tiberius.
475 2425 526 2488 85.
549 2432 674 2487 senatus
690 2426 813 2488 decreta
837 2426 868 2487 in
883 2427 1039 2487 libidinem
1063 2425 1236 2490 mulierum.
1259 2425 1353 2486 Pulsa

154 2544 246 2587 sacra
259 2523 410 2607 Aegyptia
424 2533 455 2588 et
470 2528 601 2593 Iudaica.
669 2531 720 2592 86.
743 2531 890 2592 Pollionis
915 2530 978 2591 filia
991 2531 1123 2592 Vestalis
1139 2536 1236 2611 capta.
1302 2530 1353 2588 87.

122 2711 126 2717 Ι
154 2631 311 2691 frumento
327 2631 461 2710 pretium
476 2634 687 2697 constitutum.
712 2633 852 2695 Tiberius
878 2651 975 2694 novos
999 2634 1133 2695 honores
1161 2635 1218 2695 sibi
1234 2633 1352 2694 oblatos

147 2739 324 2798 aversatur.
385 2736 441 2802 88.
464 2733 594 2798 Arminii
610 2737 719 2798 caedes
735 2744 765 2798 et
780 2738 987 2819 praeconium.

235 2835 343 2900 llaec
375 2843 460 2918 gesta
488 2839 575 2899 annis
607 2845 764 2918 quattour‚
796 2860 821 2902 a.
852 2860 881 2901 u.
913 2860 937 2901 e.
972 2840 1152 2916 769-772,
1181 2846 1252 2919 post
1282 2840 1351 2902 Chr.

148 2958 184 3006 n.
217 2942 353 3004 16-19,
397 2967 399 2974 ·
