3010 4430
485 161 526 204 rs
542 102 682 205 excessu
698 160 836 206 nucusr1
856 140 877 204 l.
892 139 1043 204 66-70:
1282 138 1323 202 39

276 328 327 393 69.
342 329 543 393 Pervaserat
558 329 693 394 interim
709 328 929 392 circumventi
946 327 1115 392 exercitus
1126 326 1217 392 lama
1227 334 1260 392 et
1271 330 1324 392 in-

169 430 259 496 festo
276 429 519 497 Germanorum
536 431 668 513 agmine
683 429 809 496 Gallias
834 433 911 512 peti,
941 450 982 496 ac
1007 431 1042 494 ni
1066 428 1249 512 Agrippina
1273 431 1324 496 in·

168 536 318 617 positum
335 527 452 601 Rheno
468 542 606 618 pontem
622 534 708 600 solvi
723 534 960 626 prohibuisset,
985 539 1083 599 erant
1107 535 1163 617 qui
1183 535 1216 600 id
1231 534 1324 616 flagi-

168 641 257 704 tium
272 639 449 707 formidine
465 641 638 706 auderent.
672 639 738 706 Sed
769 637 896 705 femina
925 641 1044 721 ingens
1074 639 1179 705 animi
1210 639 1326 705 munia

170 747 269 811 ducis
284 765 343 827 per
359 747 504 812 eos‘dies
520 746 637 826 induit,
650 745 890 828 militibusque,
915 750 951 809 ut
967 745 1042 828 quis
1057 744 1157 825 inops
1174 750 1233 810 aut
1248 764 1323 810 sau·
1351 763 1369 813 5

171 849 255 926 cius,
268 855 395 914 vestem
412 855 445 916 et
460 849 611 916 fomenta
627 849 783 931 dilargita
800 855 859 914 est.
883 847 1000 913 Tradit
1032 846 1064 913 C.
1082 847 1219 927 Plinius,
1245 846 1326 914 Ger·

170 953 383 1018 manicorum
398 954 564 1020 bellorum
579 955 734 1035 scriptor,
759 953 893 1018 stetisse
912 953 1003 1034 apud
1020 952 1224 1032 principium
1240 970 1324 1033 pon·

172 1055 227 1132 tis,
244 1055 360 1121 laudes
375 1063 407 1122 et
422 1062 535 1140 grates
551 1058 697 1123 reversis
720 1056 909 1138 legionibus
925 1055 1116 1121 habentem.
1140 1055 1176 1120 ld
1202 1054 1327 1121 Tiberii

172 1159 324 1223 animum
340 1159 439 1225 altius
455 1163 662 1243 penetravit:
687 1180 757 1227 non
772 1162 863 1226 enim
878 1159 1047 1242 simplices
1064 1177 1123 1224 eas
1138 1177 1248 1239 curas,
1263 1159 1326 1224 nec

172 1261 336 1329 adversus
351 1271 508 1331 externos
527 1265 668 1331 militem
693 1266 820 1349 quaeri.
850 1264 942 1329 Nihil
966 1263 1120 1328 relictum
1144 1262 1370 1344 imperato-10

171 1369 280 1448 ribus,
294 1368 351 1433 ubi
366 1367 491 1433 femina
507 1369 697 1450 manipulos
713 1370 900 1448 intervisat,
924 1367 1021 1449 signa
1040 1367 1153 1445 adeat,
1179 1365 1327 1448 largitio·

175 1490 258 1536 nem
272 1477 418 1554 temptet,
443 1478 615 1556 tamqnam
632 1492 753 1554 parum
769 1472 949 1538 ambitiose
965 1471 1069 1536 filium
1088 1462 1184 1536 ducis
1200 1469 1326 1552 gregali

172 1573 294 1640 habitu
318 1574 533 1642 circumferat
556 1575 805 1661 Caesaremque
829 1574 1016 1657 Caligulam
1046 1574 1212 1657 appellari
1236 1573 1328 1639 velit.

109 1763 114 1768 Ι
171 1679 347 1746 Potiorem
361 1681 429 1744 iam
446 1680 536 1760 apud
551 1682 719 1746 exercitus
729 1680 949 1763 Agrippinam
960 1697 1063 1762 quam
1073 1680 1211 1760 legatos,
1228 1696 1330 1760 quam

172 1787 297 1866 duces3
321 1802 540 1867 conpressam
556 1805 578 1852 a
593 1785 734 1853 muliere
756 1785 967 1864 seditionem,
992 1785 1046 1850 cui
1066 1802 1189 1849 nomen
1205 1783 1371 1864 princi-15

173 1890 228 1970 pis
250 1887 415 1953 obsistere
444 1909 514 1954 non
544 1890 696 1974 quiverit.
729 1887 949 1954 Accendebat
979 1886 1065 1951 haec
1096 1883 1330 1967 onerabatque

174 1993 329 2074 Seianus,
344 1994 467 2075 peritia
482 1978 614 2059 morum
630 1993 756 2059 Tiberii
773 1993 852 2057 odia
868 1993 903 2055 in
919 1992 1054 2071 longum
1079 1990 1218 2068 iaciens
1242 2006 1329 2071 quae

173 2099 377 2163 reconderet
393 2104 562 2181 auctaque
578 2102 758 2180 promeret.

280 2200 330 2266 70.
353 2201 397 2266 At
413 2201 632 2268 Germanicus
647 2201 825 2283 legionum,
841 2218 927 2282 quas
942 2197 1086 2262 navibus
1111 2200 1261 2276 vexerat,
1278 2213 1329 2260 se-

173 2305 321 2370 cundam
338 2313 371 2371 et
386 2311 542 2389 quartam
557 2307 735 2371 decumam
756 2304 877 2370 itinere
892 2301 1045 2368 terrestri
1070 2300 1105 2365 P.
1120 2299 1256 2364 Vitellio
1270 2299 1331 2362 du·

171 2411 300 2475 cendas
314 2411 427 2491 tradit,
443 2428 510 2494 quo
524 2409 632 2476 levior
648 2409 767 2476 classis
783 2409 912 2472 vadoso
928 2405 1016 2473 mari
1035 2406 1173 2469 innaret
1196 2403 1251 2498 vel
1275 2422 1329 2468 re-

173 2515 312 2594 ciproco
330 2514 462 2580 sideret.
484 2514 638 2579 Vitellius
655 2513 798 2594 primurn
815 2513 879 2576 iter
895 2511 988 2576 sicca
1003 2509 1106 2573 humo
1123 2515 1182 2573 aut
1198 2508 1329 2574 modice

174 2617 358 2686 adlabente
375 2623 471 2683 aestu
487 2619 637 2700 quietum
653 2616 792 2684 habuit:
822 2633 902 2680 mox
927 2613 1061 2694 inpulsu
1085 2612 1262 2696 aquilonis,
1286 2612 1329 2675 si·
1355 2627 1372 2680 t

174 2721 246 2784 mul
261 2720 372 2787 sidere
387 2721 603 2804 aequinoctii,
626 2740 692 2804 quo
718 2719 864 2784 maxime
880 2717 1039 2783 tumescit
1063 2713 1228 2796 Oceanus,
1255 2717 1331 2796 rapi

174 2831 298 2911 agique
313 2817 443 2910 agmen.
467 2829 507 2894 Et
523 2829 749 2911 opplebantur
759 2836 892 2893 terrae:
910 2827 1029 2891 eadem
1039 2824 1126 2889 lreto
1138 2823 1230 2889 litori
1240 2841 1332 2888 cam·

174 2936 228 3015 pis
243 2935 350 3002 facies
364 2956 472 3020 neque
488 2937 636 3002 discerni
652 2941 811 3018 poterant
826 2937 957 3000 incerta
983 2932 1027 2997 ab
1058 2931 1183 3009 solidis,
1213 2930 1331 2997 brevia

176 3057 199 3103 a
227 3039 411 3121 profundis.
449 3039 655 3108 Sternuntur
688 3039 858 3118 fluctibus,
891 3037 1093 3102 hauriuntur
1127 3033 1331 3116 gurgitibus3

176 3145 336 3224 iumenta,
354 3131 519 3224 sarcinae,
551 3161 696 3225 corpora
721 3142 880 3208 exanima
904 3137 1110 3216 interfluunt,
1141 3141 1330 3202 occursant.
1343 3154 1375 3207 ιο

176 3249 428 3314 Permiscentur
443 3250 530 3315 inter
546 3267 582 3313 se
599 3245 771 3329 manipuli,
795 3245 897 3309 modo
917 3248 1067 3325 pectore,
1091 3241 1191 3306 modo
1209 3260 1268 3306 ore
1283 3246 1332 3305 te·

175 3375 242 3419 nus
258 3360 440 3437 exstantes,
465 3353 649 3438 aliqnando
668 3352 843 3418 subtracto
869 3349 941 3415 solo
967 3347 1099 3413 disiecti
1114 3347 1184 3432 [ant
1209 3346 1331 3412 obruti.

176 3457 255 3524 Non
270 3477 337 3524 vox
352 3464 386 3523 et
401 3459 508 3523 mutui
525 3459 680 3527 hortatus
705 3455 871 3520 iuvabant
889 3455 1092 3519 adversante
1108 3452 1219 3531 unda;
1249 3447 1332 3513 nihil

176 3571 336 3631 strenuus
352 3562 396 3628 ab
413 3564 546 3644 ignavo,
576 3563 713 3643 sapiens
739 3560 782 3625 ab
803 3557 1006 3640 inprudenti,
1038 3555 1181 3621 consilia
1205 3572 1226 3617 a
1250 3570 1331 3616 casu

178 3667 332 3733 dillerre:
357 3671 479 3731 cuncta
496 3667 570 3747 pari
591 3665 753 3742 violentia
769 3661 1038 3727 involvebantur.
1063 3657 1213 3722 Tandem
1229 3655 1332 3719 Vitel-
1343 3671 1376 3725 15

178 3773 244 3836 lius
258 3772 294 3836 in
310 3770 454 3836 editiora
471 3771 583 3835 enisus
600 3769 719 3833 eodem
746 3784 867 3848 agmen
892 3763 1060 3829 subduxit.
1084 3761 1332 3825 Pernoctavere

180 3878 255 3941 sine
268 3874 478 3955 utensilibus,
494 3873 566 3938 sine
582 3873 660 3954 igni,
679 3889 802 3952 magna
818 3888 898 3950 pars
914 3867 1004 3932 nudo
1021 3869 1080 3931 aut
1096 3862 1242 3927 mulcato
1259 3882 1334 3929 cor-

180 3997 273 4060 pore,
296 3979 388 4045 haud
404 3979 513 4042 minus
530 3973 743 4040 miserabiles
759 3991 861 4056 quam
877 3990 962 4054 quos
977 3968 1086 4034 hostis
1099 3967 1333 4033 circumsidet:
