3010 4430
235 151 278 217 86
674 169 952 218 conununrncrur

236 342 364 407 minum
379 340 543 407 dixerant.
562 339 657 407 Unde
673 347 816 422 angusta
832 346 866 406 et
881 339 1012 405 lubrica
1022 340 1131 405 oratio
1148 340 1210 406 sub
1226 339 1384 426 principe,

209 530 211 534 v
237 447 296 530 qui
311 445 503 512 libertatem
517 445 698 526 metuebat,
715 445 944 512 adulationem
959 446 1087 511 oderat.

342 549 394 616 88.
426 551 569 632 Reperio
600 551 690 632 apud
720 552 910 633 scriptores¹
933 556 1177 634 senatoresque
1205 550 1385 618 eorundem

237 660 428 736 temporum
443 653 679 737 Adgandestrii
695 657 858 738 principis
881 654 1081 721 Chattorum
1097 654 1203 722 lectas
1218 656 1253 721 in
1268 658 1386 721 senatu

238 759 377 838 litteras,
402 759 524 843 quibus
542 765 687 825 mortem
711 759 855 826 Arminii
885 758 1113 841 promittebat,
1143 760 1172 826 si
1201 759 1386 841 patrandae

239 864 316 928 neci
324 881 493 929 venenum
502 863 705 946 mitteretur3
715 882 982 947 responsumque
992 881 1067 930 esse
1075 882 1145 928 nou
1156 863 1273 928 fraude
1283 879 1387 945 neque

212 968 392 1048 eoccultis,
416 968 475 1032 sed
502 967 616 1049 palam
632 973 666 1032 et
682 973 851 1032 armatum
876 967 1037 1050 populum
1062 966 1253 1032 Romanurn
1276 967 1387 1031 hostes

240 1089 319 1135 suos
335 1069 461 1136 ulcisci.
484 1058 562 1152 Qua
573 1069 679 1152 gloria
705 1069 874 1154 aequabat
898 1088 937 1135 se
961 1068 1116 1137 Tiberius
1140 1070 1260 1152 priscis
1285 1069 1387 1150 impe-

240 1173 420 1254 ratoribus
435 1175 493 1257 qui
508 1191 676 1239 venenum
692 1174 729 1238 in
753 1173 896 1258 Pyrrum
911 1191 1025 1255 regem
1039 1178 1219 1240 vetuerant
1234 1173 1387 1260 prodide-

241 1283 394 1361 rantque.
415 1278 573 1344 Ceterum
596 1277 767 1344 Arminius
784 1277 1044 1344 abscedentibus
1069 1277 1231 1344 Romanis
1247 1284 1282 1343 et
1296 1277 1388 1360 pulso

198 1429 202 1436 .
240 1378 448 1447 Maroboduo
463 1400 603 1465 regnum
619 1381 796 1447 adfectans
821 1382 1012 1448 libertatem
1036 1381 1249 1464 popularium
1274 1382 1389 1447 adver·

198 1498 316 1552 10sam
331 1484 460 1566 habuit,
475 1487 666 1568 petitusque
683 1486 786 1550 armis
803 1503 879 1550 oum
892 1486 988 1551 varia
1004 1484 1140 1551 fortuna
1150 1491 1307 1564 certaret,
1317 1484 1388 1550 dolo

241 1587 505 1671 propinquorum
520 1589 659 1654 cecidit:
674 1587 838 1654 liberator
853 1589 944 1653 haud
960 1589 1062 1655 dubie
1077 1588 1280 1656 Germaniae
1291 1594 1324 1655 et
1338 1588 1389 1672 qui

242 1707 310 1754 uon
326 1691 512 1771 primordia
528 1691 643 1774 populi
658 1691 813 1772 Romani,
837 1692 925 1757 sicut
939 1692 998 1758 alii
1018 1711 1115 1774 reges
1130 1693 1312 1776 ducesque,
1336 1691 1389 1757 sed

242 1792 518 1861 florentissimum
533 1796 713 1878 imperium
729 1795 926 1876 lacessierit,
941 1796 1079 1878 proeliis
1095 1795 1282 1876 ambiguus
1307 1793 1388 1862 bello

242 1915 311 1963 non
325 1901 444 1965 victus.
468 1899 604 1982 Septem
620 1906 654 1965 et
668 1900 807 1981 triginta
823 1919 932 1966 annos
948 1901 1048 1978 vitae,
1072 1899 1251 1965 duodecim
1275 1905 1388 1980 poten·

199 2002 310 2072 15tiue
325 2004 483 2088 explevit,
507 2005 706 2088 caniturque
723 2004 834 2070 adhuc
849 2004 1017 2071 barbaras
1033 2005 1122 2085 apud
1138 2010 1264 2086 genteS,
1288 2002 1389 2070 Grae·

241 2124 359 2172 corum
374 2108 555 2174 annalibus
571 2108 713 2191 ignotus,
727 2108 786 2191 qui
802 2127 865 2174 sua
881 2114 1012 2174 tantum
1028 2110 1204 2189 mirantur,
1229 2107 1389 2175 Romanis

242 2210 332 2275 haud
348 2212 487 2291 perinde
503 2212 655 2290 celebris,
681 2213 760 2278 dum
773 2218 891 2278 vetera
916 2213 1107 2279 extollimus
1131 2213 1320 2280 recentium
1342 2212 1392 2277 in·

244 2332 376 2379 curiosa
