906 1252
306 127 326 137 An
335 127 405 138 excussu
413 127 482 139 Aucusn
491 122 516 139 111.
526 123 572 139 1—5.
704 124 724 140 91

149 168 199 184 nibus
207 170 300 186 statuentes
308 170 382 186 lacrimis
391 171 407 186 et
415 170 580 187 conclamationibus
590 170 665 187 dolorem
673 172 725 186 testa-

149 194 216 210 bantur.
240 195 302 211 Drusus
321 196 431 212 Tarracinam
447 201 546 217 progressus
562 198 586 213 est
602 202 640 213 cum
656 196 725 212 Claudio
731 201 748 214 io

149 220 203 237 fratre
215 221 305 242 liberisque
317 222 418 242 Germanici,
433 223 462 243 qui
475 223 492 238 in
504 222 547 239 urhe
559 222 630 239 fuerant
642 222 724 239 Consules

149 247 169 263 M.
177 248 255 264 Valerius
267 250 284 264 et
296 248 316 264 M.
325 248 403 264 Aurelius
418 248 460 269 (iam
468 249 513 264 enim
525 249 642 269 magistratum
654 253 725 269 occepe-

149 274 195 295 raut)
207 276 224 290 et
231 276 300 290 senatus
308 279 328 290 ac
336 279 397 295 magna
405 279 445 294 pars
452 275 510 295 pupuli
518 275 563 291 viam
571 275 676 295 conplevete,
689 275 724 291 dis-

150 300 188 316 iecti
197 302 213 316 et
225 301 243 316 ut
256 300 316 321 cuique
329 300 394 316 libitum
408 300 478 320 ssentes;
495 300 555 317 aberat
568 301 629 321 quippe
645 300 726 320 adulatio,

149 327 207 346 guaris
215 326 293 342 omnibus
301 326 362 342 laetam
371 326 438 342 Tiberio
452 326 549 343 Germanici
557 328 629 342 mortem
637 326 681 342 male
694 326 727 342 dis·
733 330 748 343 15

149 352 226 368 simulari

202 378 217 394 3.
229 378 305 394 Tiberius
313 380 364 399 atque
376 378 451 399 Augusta
464 378 531 399 publico
545 378 646 398 abstinuere,
658 378 727 394 inferius

150 404 239 421 maiestate
247 409 278 420 sua
286 404 323 424 rati,
338 404 352 420 si
365 404 422 424 palam
429 404 568 424 lamentarentur,
584 409 606 420 an
618 409 639 420 ne
652 404 727 420 omnium

151 430 204 446 oculis
212 430 275 446 vultum
284 435 342 446 eorum
355 430 470 446 scrutantibus
483 430 521 446 falsi
533 430 673 450 intellegerentur.
685 429 728 446 Mat-

151 460 188 472 rem
195 456 286 472 Antoniam
294 461 328 472 non
337 456 380 477 apud
393 458 473 473 auctores
485 461 546 476 rerum,
558 461 593 473 non
605 456 666 472 diurna
679 457 727 472 actu>

151 487 186 498 rum
194 482 278 502 scriptura
286 483 352 502 reperio
360 482 393 498 ullo
402 482 463 502 insigni
472 482 526 498 officio
537 482 618 502 functam,
630 487 668 498 cum
677 486 726 502 super
741 486 749 499 5

150 508 261 528 Agrippinam
269 510 286 524 et
293 508 364 524 Drusum
373 510 389 524 et
397 508 486 524 Claudium
494 509 546 524 ceteri
554 513 620 529 quoque
629 508 727 528 consangui-

151 534 180 550 nei
192 534 290 550 nominatim
305 535 394 554 perscripti
406 535 443 554 sint,
457 539 486 550 seu
499 534 594 550 valetudine
607 534 727 554 praepedieba-

151 562 184 580 tur,
192 565 221 576 seu
229 560 283 576 victus
291 560 337 577 luctu
345 560 411 576 animus
419 560 552 580 magnitudinem
561 560 600 576 mali
608 560 683 580 perferre
691 560 728 575 visu

151 590 187 602 uon
198 586 281 602 toleravit.
297 586 370 602 Facilius
382 586 482 602 crediderim
496 586 563 602 Tiberio
577 588 593 602 et
605 586 684 606 Augusta,
700 585 728 606 qui

154 612 205 628 domo
213 617 247 628 non
256 612 365 633 excedebant,
377 612 475 632 cohibitam,
487 614 505 628 ut
518 617 548 632 par
561 616 628 628 maeror
641 613 657 628 et
672 612 731 627 matris

153 638 231 658 exemplo
240 639 279 654 avia
286 643 352 659 quoque
360 640 377 654 et
385 640 456 658 patruus
464 638 532 654 attineri
541 638 642 654 viderentur.
737 640 753 654 10

207 664 221 680 4,
232 664 274 684 Dies,
282 669 316 685 quo
322 664 404 685 reliquiae
409 664 474 680 tumulo
480 664 549 684 Augusti
554 664 675 683 inferebantur,
681 663 731 679 modo

154 695 185 710 per
193 690 277 706 silentium
285 692 347 709 vastus,
359 690 410 706 modo
423 690 518 710 ploratibus
531 690 606 711 inquies:
622 690 672 710 plena
685 689 731 705 urbis

153 716 221 736 itinera,
229 716 337 732 conlucentes
345 721 374 736 per
383 721 461 736 campum
469 716 527 732 Martis
535 716 585 732 faces.
595 715 630 731 lllic
638 715 685 731 miles
694 719 731 730 curn

154 743 211 762 armis,
219 743 255 759 sine
263 743 356 763 insignibus
364 743 478 763 magistratus,
490 742 561 762 populus
574 747 604 762 per
612 742 666 757 tribus
674 741 731 757 conci-

153 769 200 785 disse
208 773 243 784 rem
251 764 340 789 publicam,
347 768 389 784 nihil
398 769 433 788 spei
442 768 526 789 reliquum
534 767 649 786 clamitabant,
663 771 731 787 promp-
744 771 753 783 5

154 794 189 811 tius
198 795 309 815 apertiusque,
317 799 368 815 quam
376 796 394 810 ut
402 794 499 810 meminisse
507 794 639 814 imperitantium
648 793 730 809 crederes.

153 820 200 837 Nihil
207 822 264 836 tamen
272 820 358 836 Tiberium
366 821 419 840 magis
427 820 524 840 penetravit
529 824 579 840 quam
584 819 640 836 studia
645 819 732 835 hominum

154 851 229 863 accensa
241 847 258 862 in
270 846 384 867 Agrippinam,
396 851 434 862 cum
446 846 498 862 decus
511 846 580 866 patriae,
595 845 649 861 solum
661 844 731 865 Augusti

154 873 259 893 sanguinem,
266 873 334 889 unicum
343 873 448 893 antiquitatis
454 872 539 893 specimen
544 872 650 892 appellarent
655 872 732 892 versique

153 899 178 915 nd
191 899 255 915 caelum
268 904 288 915 ac
301 899 342 915 deus
357 899 440 919 integram
457 898 480 914 illi
496 898 572 914 subolem
587 902 607 914 ae
624 898 730 918 superstitem
737 901 753 914 10

154 925 252 945 iniquorum
260 926 373 945 precarentur⁴

208 951 222 967 5.
234 951 287 967 Fuere
295 951 323 972 qui
333 951 395 971 publici
403 950 467 967 funeris
480 955 559 970 pompam
571 950 676 970 requirerent
685 954 731 965 com-

154 979 269 998 pararentque
279 977 348 998 quaein
360 977 432 993 Drusum
444 978 511 997 patrem
523 976 619 992 Germanici
634 976 700 992 bonore
715 977 731 991 et

154 1003 245 1024 magnifica
253 1003 337 1024 Augustus
345 1003 416 1019 fecisset,
428 1003 485 1023 Ipsum
497 1003 558 1023 quippe
571 1002 663 1022 asperrimo
672 1001 731 1017 hiemis

154 1029 233 1046 Ticinum
241 1034 294 1050 usque
301 1034 408 1049 progressum
416 1033 471 1049 neque
479 1028 598 1044 abscedentem
611 1032 621 1043 a
630 1032 700 1047 corpore
709 1027 731 1043 si-

154 1055 190 1072 mul
198 1055 257 1071 urbem
266 1055 364 1074 intravisse;
379 1054 490 1071 circumfusas
503 1054 547 1070 lecto
560 1053 668 1070 Claudiorum
680 1053 730 1069 Iulio·
745 1057 753 1069 5

153 1086 226 1102 rumque
239 1081 328 1101 imagines3
339 1080 417 1097 defletum
429 1081 446 1096 in
463 1080 504 1099 foro,
519 1079 606 1095 laudatum
621 1083 651 1099 pro
667 1079 731 1098 rostris,
