3010 4430
421 217 463 262 ra
480 216 621 264 nxcnssu
636 213 776 263 nuousrr
791 195 828 260 ΙΙ.
843 194 982 261 62-66.
1222 191 1263 256 77

111 387 321 455 confecisset.
358 389 459 470 Igitur
491 388 735 469 Rhescuporim
761 405 903 471 quoque,
933 387 1130 464 Thraeciae,
1144 402 1265 468 regem,

111 497 186 557 astu
203 493 406 575 adgreditur.
431 492 573 560 Omnem
588 512 663 558 eam
679 494 852 558 nationem
877 492 1135 558 Rhoemetalces
1150 496 1267 556 tenue·
1357 569 1358 576 ἵ

111 602 182 674 rat;
204 615 271 678 quo
288 596 446 663 defuncto
473 601 638 680 Augustus
663 603 793 679 partem
815 596 1005 662 Thraecum
1021 594 1266 675 Rhescuporidi

111 696 209 766 fratri
225 701 307 781 eius,
337 701 468 783 partem
493 701 560 767 filio
592 700 690 786 Cotyi
709 702 869 784 permisit.
892 700 930 766 ln
946 718 986 765 ea
1003 699 1167 764 divisione
1183 717 1267 764 arva

112 810 143 866 et
160 803 263 868 urbes
279 810 313 870 et
327 806 441 871 vicina
467 804 606 872 Graecis
632 804 738 889 Cotyi,
763 805 853 888 quod
878 803 1051 884 incultum,
1081 801 1177 867 ferox
1208 801 1312 870 ad·10

112 925 236 972 nexum
251 908 414 992 hostibus,
429 910 673 992 Rhescuporidi
689 910 809 976 cessit:
839 909 1055 990 ipsorumque
1079 924 1194 988 regum
1218 907 1268 969 in-

113 1013 219 1093 genia,
235 1012 283 1077 illi
299 1014 380 1079 mite
396 1020 430 1080 et
446 1033 635 1094 amoenum,
664 1014 743 1079 huic
760 1022 867 1092 atrox,
894 1011 1029 1077 avidum
1045 1017 1078 1077 et
1094 1010 1269 1076 societatis

114 1115 283 1195 inpatiens
309 1124 391 1182 erat.
428 1116 494 1183 Sed
518 1120 627 1200 primo
657 1118 799 1183 subdola
830 1116 1015 1182 concordia
1045 1133 1160 1197 egere:
1190 1132 1270 1178 mox

115 1218 341 1301 Rhescuporis
358 1221 470 1304 egredi
486 1222 578 1302 fines,
593 1228 728 1288 vertere
746 1223 781 1286 in
798 1240 834 1286 se
849 1220 947 1304 Cotyi
959 1220 1041 1285 data
1051 1225 1083 1285 et
1099 1218 1270 1284 resistenti

115 1323 183 1386 vim
200 1321 319 1405 facere,
336 1331 536 1392 cunctanter
552 1327 615 1392 sub
640 1326 800 1408 Augusto,
825 1344 924 1410 quem
950 1330 1123 1389 auctorem
1147 1323 1314 1391 utrius-15

115 1445 182 1510 que
197 1428 297 1509 regni,
313 1429 342 1492 si
352 1437 576 1510 sperneretur,
592 1431 758 1496 vindicem
768 1429 949 1496 metuebat.
965 1427 1143 1492 Enimvero
1154 1423 1272 1490 audita

116 1531 301 1596 mutatione
318 1533 480 1615 principis
496 1534 664 1599 inmittere
680 1534 850 1598 latronum
866 1532 992 1614 globos
1009 1529 1188 1595 excindere
1199 1546 1273 1592 cas·

116 1633 206 1715 tella,
221 1652 345 1700 causas
361 1637 458 1702 bello.

221 1739 272 1804 65.
288 1739 378 1804 Nihil
394 1759 501 1824 aeque
517 1740 689 1806 Tiberium
706 1740 843 1805 anxium
854 1738 1012 1818 habebat,
1028 1756 1130 1821 quam
1140 1754 1182 1800 ne
1194 1752 1274 1800 con·

115 1843 229 1924 posita
244 1843 471 1915 turbarentur.
495 1845 612 1928 Deligit
629 1846 871 1924 centurionem,
886 1844 942 1926 qui
952 1843 1124 1907 nuntiaret
1139 1838 1273 1920 regibus

116 1968 159 2014 ne
175 1951 281 2015 armis
297 1950 542 2034 disceptarent;
565 1953 746 2037 statimque
771 1971 792 2016 a
816 1949 921 2034 Cotye
937 1950 1077 2014 dimissa
1092 1952 1171 2012 sunt
1186 1961 1274 2029 quae

116 2061 301 2133 paraverat
316 2056 452 2122 auxilia.
476 2056 703 2138 Rhescuporis
727 2056 806 2120 ficta
830 2055 997 2120 modestia
1021 2051 1170 2134 postulat
1194 2067 1275 2114 eun-

118 2158 196 2223 dem
222 2159 392 2225 inlocum
424 2162 589 2227 coiretur:
620 2180 720 2242 posse
751 2161 791 2226 de
822 2158 1064 2225 controversiis
1095 2155 1275 2246 conloquio
1302 2169 1320 2222 5

117 2263 271 2344 transigi.
293 2263 363 2330 Nec
379 2264 436 2330 diu
453 2266 643 2331 dubitatum
659 2267 700 2331 de
716 2273 880 2347 ternpore,
893 2263 978 2343 loco,
1002 2263 1081 2327 dein
1106 2260 1278 2326 condicio·
1297 2301 1303 2312 -

117 2369 231 2450 nibus,
247 2388 323 2434 cum
340 2371 426 2436 alter
442 2370 616 2452 facilitate,
641 2371 728 2436 alter
744 2370 863 2436 fraude
877 2376 999 2436 cuncta
1024 2369 1111 2433 inter
1136 2385 1173 2431 se
1197 2383 1278 2430 con·

119 2473 283 2537 cederent
300 2475 569 2559 acciperentque.
593 2476 821 2557 Rhescuporis
835 2473 1028 2551 sanciendo,
1045 2478 1083 2537 ut
1093 2470 1281 2548 dictitabat,

120 2573 253 2641 foederi
268 2579 459 2644 convivium
478 2579 590 2660 adicit,
606 2586 782 2662 tractaque
799 2579 833 2642 in
843 2577 984 2643 multam
999 2581 1134 2640 noctem
1148 2573 1279 2638 laetitia

120 2699 181 2761 per
199 2682 317 2764 epulas
333 2701 374 2746 ac
389 2683 609 2749 vinolentiam
624 2685 798 2748 incautum
823 2681 931 2766 Cotyn
948 2688 989 2760 et,
1013 2684 1192 2762 postquam
1218 2675 1324 2743 do-10

120 2785 190 2850 lum
210 2787 432 2867 intellexerat,
447 2805 547 2853 sacra
562 2788 665 2870 regni,
691 2787 840 2852 eiusdem
855 2785 1004 2850 familiae
1019 2783 1101 2847 deos
1118 2785 1151 2845 et
1166 2777 1279 2858 hospi·

121 2890 203 2956 talis
219 2908 354 2957 mensas
372 2891 599 2957 obtestantem
615 2892 744 2956 catenis
771 2896 899 2956 onerat.
939 2886 1171 2967 Thraeciaque
1188 2881 1280 2947 omui

122 2995 253 3076 potitus
269 2995 403 3076 scripsit
419 2995 464 3060 ad
480 2996 651 3061 Tiberium
662 3001 809 3060 structas
820 2994 885 3060 sibi
895 2992 1044 3070 insidias,
1060 2992 1280 3071 praeventum

123 3099 379 3179 insidiatorem3
410 3099 508 3164 simul
533 3099 656 3165 bellum
682 3100 844 3164 adversus
869 3098 1054 3162 Bastarnas
1070 3091 1281 3175 Scythasque

123 3202 355 3284 praetendens
370 3205 466 3269 novis
482 3205 631 3286 peditum
657 3211 690 3268 et
706 3205 856 3286 equitum
881 3201 987 3282 copiis
1011 3217 1085 3264 sese
1116 3194 1280 3260 firmabat.
1292 3209 1325 3263 15

124 3308 272 3374 Molliter
286 3309 496 3391 rescriptum,
520 3309 549 3373 si
564 3307 657 3373 fraus
673 3307 817 3387 abesset,
841 3325 940 3388 posse
965 3323 1042 3370 eum
1066 3301 1282 3368 innocentiae

125 3411 250 3492 fidere3
280 3419 432 3478 ceterum
458 3431 567 3496 neque
583 3431 619 3477 se
635 3430 745 3496 neque
761 3417 917 3477 senatum
933 3410 998 3474 nisi
1021 3408 1156 3490 cognita
1178 3422 1282 3470 causa

126 3518 180 3584 ius
206 3522 239 3581 et
264 3517 422 3582 iniuriam
447 3517 672 3583 discreturos:
701 3516 843 3596 proinde
873 3514 998 3580 tradito
1024 3511 1128 3595 Cotye
1151 3507 1283 3573 reniret

126 3619 398 3706 transferretque
414 3623 576 3687 invidiam
593 3622 750 3687 criminis.

236 3723 287 3792 66.
310 3725 375 3790 Eas
391 3726 523 3792 litteras
538 3725 689 3791 Latinius
706 3724 867 3789 Pandusa
883 3741 944 3803 pro
964 3725 1121 3802 praetore
1135 3713 1283 3784 Moesiae

129 3850 211 3896 cum
234 3830 405 3908 militibus,
436 3831 510 3915 quis
535 3830 637 3914 Cotys
661 3831 862 3905 traderetur,
892 3827 927 3892 in
957 3821 1157 3888 Thraeciam
1182 3818 1282 3883 misit.

130 3934 361 4015 Rhescuporis
376 3935 464 4000 inter
480 3940 605 3999 metum
630 3939 663 3999 et
688 3935 774 3998 iram
806 3935 983 3995 cunctatus
1013 3924 1130 3990 maluit
1159 3922 1285 4003 patrati

128 4056 237 4123 quam
250 4040 374 4121 incepti
389 4040 551 4106 facinoris
567 4057 644 4105 reus
661 4055 751 4104 esse:
768 4034 876 4100 occidi
891 4031 1000 4113 Cotyn
1014 4027 1108 4093 iubet
1123 4031 1283 4092 mortem·
