3010 4430
222 182 265 250 60
609 236 612 246 ,
654 199 807 246 coenatu
831 197 940 247 racrrr

223 379 257 436 et
272 377 431 437 auctores
447 373 568 437 recitat
583 371 710 438 Caesar
727 373 775 436 ita
786 371 976 450 moderans,
992 387 1034 433 ne
1045 367 1152 432 lenire
1170 383 1256 431 neve
1278 382 1380 446 aspe-

223 492 301 539 rare
318 475 460 553 erimina
475 476 656 542 videretur.
731 466 734 486 ¹

328 577 379 642 30.
402 578 627 644 Accesserant
643 584 780 660 praeter
796 576 955 640 Trionem
971 582 1004 640 et
1020 573 1140 639 Catum
1158 580 1381 638 accusatores

222 681 382 746 Fonteius
398 681 548 764 Agrippa
581 689 615 747 et
645 681 678 747 C.
695 681 822 760 Vibius,
855 680 1102 763 certabantque
1132 679 1186 743 cui
1218 679 1269 741 ius
1300 695 1380 757 per-

225 786 344 850 orandi
359 787 395 850 in
410 805 505 852 reum
522 788 669 864 daretur,
695 787 804 850 donec
820 780 947 864 Vibius,
975 784 1053 866 quia
1078 801 1141 847 nec
1156 782 1220 863 ipsi
1237 782 1325 846 inter
1340 798 1381 846 se

225 891 451 956 concederent
475 897 508 956 et
533 891 615 955 Libo
647 891 720 955 sine
745 895 888 970 patrono
913 888 1096 967 introisset,
1124 886 1318 967 singillatim
1341 903 1381 951 se

199 997 370 1066 acrimina
400 997 610 1062 obiecturum
642 995 823 1077 professus
863 995 1001 1076 protulit
1031 992 1160 1058 libellos
1192 992 1382 1058 vaecordes

227 1102 323 1178 ade0,
339 1106 375 1164 ut
392 1100 636 1165 consultaverit
661 1101 752 1179 Libo,
784 1117 828 1164 an
859 1099 1036 1164 habiturus
1066 1096 1152 1161 foret
1183 1114 1274 1176 opes,
1304 1095 1383 1178 quis

226 1206 316 1269 viam
341 1203 486 1284 Appiam
517 1203 730 1269 Brundisium
755 1221 860 1285 usque
893 1202 1037 1282 pecunia
1062 1201 1219 1282 operiret.
1242 1199 1396 1292 Inerant¹

227 1313 261 1373 et
277 1308 343 1372 alia
359 1309 498 1374 huiusce
515 1309 605 1374 modi
621 1308 744 1372 stolida
760 1326 859 1387 vana,
884 1307 912 1370 si
935 1306 1069 1369 mollius
1085 1305 1268 1385 acciperes,
1282 1304 1383 1368 mise·

227 1414 343 1478 randa.
367 1412 440 1479 Uno
458 1419 573 1478 tamen
589 1412 701 1477 libello
719 1431 820 1476 manu
836 1411 972 1476 Libonis
989 1409 1182 1474 nominibus
1196 1409 1383 1474 Caesarum

186 1523 288 1586 ruant
305 1523 501 1582 senatorum
518 1517 650 1581 additas
667 1521 800 1580 atroces
831 1515 883 1579 vel
909 1513 1061 1580 occultas
1086 1521 1186 1578 notas
1203 1517 1384 1577 accusator

230 1621 400 1702 arguebat.
424 1619 575 1702 Negante
592 1638 650 1684 reo
669 1619 914 1700 adgnoscentes
930 1638 1047 1683 servos
1067 1637 1126 1699 per
1143 1622 1314 1683 tormenta
1328 1615 1383 1678 in-

228 1724 394 1804 terrogari
410 1724 546 1805 placuit.
570 1723 609 1786 Et
634 1725 713 1805 quia
737 1729 852 1787 vetere
878 1729 1016 1786 senatus
1042 1723 1196 1787 consulto
1227 1719 1384 1803 quaestio

232 1829 266 1891 in
283 1833 385 1908 caput
401 1827 528 1892 domini
554 1827 805 1908 prohibebatur,
830 1826 971 1890 callidus
988 1832 1021 1891 et
1037 1827 1116 1890 novi
1132 1826 1214 1890 iuris
1230 1830 1385 1906 repertor

232 1931 387 1996 Tiberius
403 1931 591 2012 mancipari
617 1931 764 2013 singulos
782 1931 890 1995 actori
906 1930 1041 2011 publico
1066 1929 1167 2007 iubet,
1192 1928 1323 1994 scilicet
1346 1933 1386 1992 ut

192 2053 224 2108 15
235 2037 269 2100 in
297 2036 459 2102 Libonem
476 2055 517 2101 ex
543 2037 648 2100 servis
674 2036 770 2100 salvo
801 2041 939 2100 senatus
971 2035 1124 2100 consulto
1156 2038 1385 2116 quaereretur.

232 2139 283 2205 Ob
300 2159 387 2222 quae
412 2147 583 2221 posterum
615 2141 703 2204 diem
728 2157 806 2204 reus
837 2141 956 2220 petivit
987 2141 1188 2222 domumque
1214 2138 1386 2218 digressus

231 2248 400 2308 extremas
426 2261 543 2323 preces
574 2243 608 2307 P.
636 2243 788 2322 Quirinio
815 2245 1003 2327 propinquo
1035 2262 1096 2309 suo
1123 2244 1165 2308 ad
1196 2243 1385 2324 principem

232 2347 415 2411 mandavit.

338 2451 388 2516 31.
413 2451 622 2531 Responsum
642 2457 693 2514 est
709 2456 745 2514 ut
761 2455 917 2515 senatum
942 2457 1086 2532 rogaret.
1110 2450 1314 2532 Cingebatur
1330 2449 1384 2513 in-

232 2555 330 2618 terim
345 2555 450 2619 milite
467 2555 596 2634 domus,
611 2553 809 2634 strepebant
825 2555 928 2620 etiam
945 2556 979 2619 in
1004 2555 1181 2634 vestibulo,
1216 2561 1253 2618 ut
1264 2553 1387 2631 audiri,

234 2663 272 2722 ut
297 2659 403 2739 aspici
420 2665 566 2741 possent,
585 2676 661 2723 cum
681 2657 762 2722 Libo
781 2658 863 2738 ipsis
878 2676 963 2741 quas
979 2659 1014 2723 in
1030 2658 1249 2723 novissimam
1264 2657 1385 2737 volup-

234 2767 339 2827 tatem
377 2762 579 2827 adhibuerat
604 2762 710 2844 epulis
736 2763 951 2828 excruciatus
981 2780 1106 2827 vocare
1137 2747 1383 2844 percussorem,

209 2881 400 2946 aprensare
430 2884 606 2930 servorum
632 2867 778 2943 dextrae,
810 2866 960 2931 inserere
990 2867 1145 2948 gladium.
1178 2863 1287 2947 Atque
1311 2861 1387 2942 illis,

234 2968 314 3032 dum
345 2969 524 3050 trepidant,
556 2969 634 3034 dum
659 2968 838 3051 refugiunt,
869 2969 1098 3036 evertentibus
1123 2969 1314 3049 adpositum
1343 2969 1387 3034 a‘n

236 3091 354 3137 mensa
379 3073 501 3154 lumen,
527 3072 688 3141 feralibus
713 3074 781 3137 iam
808 3073 872 3138 sibi
889 3073 1039 3138 tenebris
1064 3075 1149 3138 duos
1165 3073 1252 3138 ictus
1267 3073 1303 3137 in
1317 3072 1388 3136 vis-

236 3193 316 3240 cera
335 3176 473 3241 derexit.
496 3175 548 3241 Ad
574 3177 733 3258 gemitum
759 3177 972 3242 conlabentis
998 3178 1181 3242 adcurrere
1206 3175 1327 3254 liberti,
1353 3182 1389 3240 et

236 3279 341 3344 caede
357 3281 431 3345 visa
446 3281 541 3346 miles
558 3281 699 3346 abstitit.
724 3281 906 3347 Accusatio
932 3288 1046 3347 tamen
1071 3281 1159 3362 apud
1185 3286 1299 3362 patres
1324 3279 1388 3344 ad-

193 3399 226 3456 10
236 3386 449 3454 severatione
474 3387 592 3452 eadem
617 3393 767 3473 peracta,
798 3388 988 3470 iuravitque
1020 3385 1174 3451 Tiberius
1204 3386 1389 3468 petiturum

237 3507 273 3554 se
289 3490 393 3554 vitam
410 3492 564 3573 quamvis
584 3491 731 3570 nocenti,
755 3492 820 3555 nisi
844 3490 1072 3556 voluntariam
1097 3496 1240 3557 mortem
1265 3507 1389 3570 prope·

237 3595 388 3659 ravisset.

341 3699 392 3762 32.
422 3697 516 3762 Bona
542 3699 630 3763 inter
661 3705 877 3762 accusatores
909 3698 1113 3779 dividuntur,
1143 3704 1177 3764 et
1206 3703 1390 3779 praeturae

239 3807 337 3865 extra
354 3801 508 3866 ordinem
525 3801 626 3866 datae
653 3801 694 3865 iis
719 3802 777 3884 qui
808 3803 970 3867 senatorii
1001 3803 1129 3867 ordinis
1155 3809 1261 3870 erant.
1294 3799 1391 3868 Tunc

239 3901 338 3967 Cotta
354 3903 561 3984 Messalinus,
592 3923 635 3969 ne
659 3905 770 3986 imago
802 3905 939 3971 libonis
968 3911 1146 3989 exsequias
1175 3912 1390 3986 posterorum

239 4005 466 4084 comitaretur,
482 4007 621 4087 censuit,
636 4006 694 4073 Cn.
711 4007 878 4088 Lentulus,
903 4009 1035 4092 nequis
1051 4007 1246 4074 Scribonius
1261 4025 1391 4090 cogno-
