3010 4430
474 234 519 280 ss
532 235 672 283 nxcnssu
687 236 826 284 nuousm
842 217 878 283 ll.
895 216 1032 284 20-24.
1263 217 1307 282 57

152 412 209 470 tas
226 424 285 486 per
301 405 424 470 flumen
433 405 597 471 Amisiam
617 404 752 472 Oceano
769 408 904 473 invexit.
929 407 977 472 Ac
1003 409 1111 490 primo
1136 407 1304 488 placidum

152 527 284 593 aequor
302 511 391 576 mille
407 513 543 576 navium
559 513 662 576 remis
687 523 837 592 strepere
863 519 921 576 aut
951 513 1034 578 velis
1065 513 1197 593 inpelli:
1227 530 1306 576 mox

152 621 230 679 atro
249 614 388 680 nubium
404 614 502 696 globo
520 615 626 680 effusa
642 616 778 696 grande,
800 616 899 680 simul
925 617 1030 681 variis
1054 617 1203 698 undique
1228 633 1305 696 pro·
1332 631 1352 683 5

152 718 249 784 cellis
265 718 387 783 incerti
402 717 523 783 fluctus
539 725 754 799 prospectum
772 720 931 800 adimere,
961 721 1110 801 regimen
1136 719 1306 800 inpedire;

155 821 319 904 milesque
335 822 477 904 pavidus
493 827 527 887 et
543 840 683 886 casuum
700 823 804 888 maris
821 823 959 904 ignarus
975 824 1053 887 dum
1080 820 1196 886 turbat
1220 839 1305 885 nau-

154 933 209 990 tas
225 925 276 990 vel
292 927 525 1007 intempestive
552 927 656 1006 iuvat,
682 925 794 992 officia
819 927 1034 1007 prudentium
1060 925 1306 1006 corrumpebat.

155 1028 263 1094 Omne
278 1026 399 1096 dehinc
416 1030 547 1094 caelum
563 1037 597 1094 et
622 1049 716 1094 mare
741 1049 840 1096 omne
866 1032 900 1095 in
926 1038 1078 1097 austrum
1108 1032 1219 1109 cessit,
1249 1029 1306 1110 qui

153 1133 278 1196 umidis
294 1131 496 1199 Germaniae
512 1135 622 1214 terris,
652 1133 827 1215 profundis
859 1136 1023 1214 amnibus
1053 1136 1218 1199 immenso
1244 1149 1353 1202 nri-10

154 1239 247 1302 bium
263 1242 375 1302 tractu
399 1237 531 1302 validus
555 1244 589 1302 et
612 1239 722 1318 rigore
747 1239 849 1303 vicini
873 1239 1113 1320 septentrionis
1137 1235 1306 1301 horridior

154 1341 268 1421 rapuit
283 1340 480 1423 disiecitque
497 1359 601 1406 naves
626 1343 796 1423 inaperta
828 1339 954 1408 Oceani
979 1348 1038 1406 aut
1062 1341 1189 1406 insulas
1215 1341 1307 1404 saxis

156 1443 309 1524 abruptis
325 1444 378 1509 vel
395 1463 454 1525 per
469 1445 603 1511 occulta
620 1445 709 1510 vada
724 1445 874 1511 infestas.
892 1446 1019 1527 Quibus
1036 1445 1172 1526 paulum
1188 1462 1305 1525 aegre·

156 1565 225 1630 que
239 1547 360 1628 vitatis,
375 1554 553 1630 postquam
570 1548 724 1613 mutabat
741 1555 854 1614 aestus
880 1551 1065 1633 eodemque
1095 1568 1161 1632 quo
1186 1554 1307 1612 ventus

155 1650 296 1733 ferebat,
319 1671 387 1716 non
404 1653 590 1718 adhaerere
617 1655 761 1733 ancoris,
788 1673 857 1719 non
889 1656 1068 1720 exhaurire
1085 1655 1307 1735 inrumpentis
1317 1667 1354 1722 15

153 1755 266 1820 undas
283 1763 456 1837 poteraut:
482 1758 567 1839 equi,
582 1758 742 1838 iumenta,
759 1760 923 1836 sarcinae,
941 1760 1044 1824 etiam
1060 1777 1157 1824 arma
1173 1759 1306 1840 praeci-

155 1861 316 1941 pitantur,
341 1879 408 1942 quo
425 1860 618 1926 levarentur
635 1862 731 1942 alvei,
756 1869 935 1928 manantes
954 1881 1013 1942 per
1029 1862 1139 1927 latera
1155 1869 1188 1927 et
1204 1862 1307 1926 fluctu

156 1969 407 2045 superurgente.

263 2067 313 2131 hl.
337 2067 469 2149 Quanto
487 2068 666 2133 violentior
682 2075 796 2134 cetero
815 2069 901 2133 mari
918 2066 1073 2134 Oceanus
1089 2075 1123 2132 et
1139 2067 1308 2132 truculen-

154 2174 206 2238 tia
222 2173 307 2238 caeli
323 2179 473 2254 praestat
489 2172 680 2252 Germania,
704 2180 836 2239 tantum
861 2175 920 2239 illa
950 2174 1064 2239 clades
1094 2175 1245 2238 novitate
1276 2179 1309 2238 et

155 2277 390 2357 magnitudine
406 2279 559 2358 excessit,
575 2277 754 2343 hostilibus
770 2279 897 2344 circum
914 2278 1069 2344 litoribus
1086 2279 1202 2343 autita
1212 2283 1309 2343 vasto

155 2387 192 2446 et
223 2379 399 2462 profunde,
429 2388 465 2447 ut
496 2383 653 2448 credatur
683 2383 903 2447 novissimum
928 2401 968 2448 ac
994 2384 1066 2448 sine
1091 2383 1190 2446 terris
1208 2401 1309 2447 mare.

159 2483 248 2549 Pars
264 2465 400 2550 navium
416 2486 560 2552 haustae
574 2493 662 2566 sunt,
691 2487 803 2567 plures
830 2488 921 2568 apud
936 2487 1064 2552 insulas
1079 2487 1210 2568 longius
1226 2487 1309 2551 sitas
1335 2503 1356 2558 5

159 2589 308 2670 eiectae,
326 2592 489 2674 milesque
506 2591 598 2657 nullo
615 2592 683 2656 illic
700 2592 873 2657 hominum
889 2593 981 2657 cultu
999 2593 1087 2658 fame
1104 2593 1310 2675 absumptus

156 2692 224 2758 nisi
240 2712 325 2776 quos
344 2713 489 2776 corpora
514 2715 676 2779 equorum
702 2697 820 2762 eodem
845 2697 930 2761 elisa
961 2696 1198 2761 toleraverant.
1230 2695 1310 2761 Sola

155 2795 353 2864 Germanioi
384 2799 531 2865 triremis
561 2798 774 2864 Chaucorum
796 2807 922 2865 terram
948 2800 1094 2881 adpulit,
1126 2818 1225 2882 quem
1250 2817 1310 2880 per

157 2918 278 2966 omnes
294 2901 368 2968 illos
384 2902 456 2968 dies
473 2909 657 2985 noctesque
674 2903 762 2984 apud
779 2903 936 2985 scopulos
948 2909 981 2968 et
991 2903 1212 2983 prominentis
1222 2920 1310 2982 oras,

158 3021 239 3068 cum
255 3021 291 3068 se
307 3006 393 3070 tanti
410 3005 503 3070 exitii
519 3024 613 3070 reum
630 3005 828 3086 clamitaret,
854 3007 911 3070 vix
927 3007 1109 3072 cohibuere
1126 3006 1226 3070 amici
1242 3020 1357 3087 quoru

157 3105 270 3172 minus
286 3109 405 3173 eodem
420 3110 506 3174 mari
522 3116 703 3190 oppeteret.
728 3108 878 3174 Tandem
895 3110 1069 3175 relabente
1094 3115 1190 3174 aestu
1207 3114 1241 3174 et
1256 3126 1310 3173 se-

158 3211 330 3276 cundante
346 3217 445 3278 vento
462 3212 604 3278 claudae
620 3231 725 3277 naves
742 3231 820 3277 raro
837 3213 975 3294 remigio
1001 3219 1059 3278 aut
1082 3213 1222 3278 intentis
1236 3231 1312 3278 ves·

158 3314 259 3393 tibus,
275 3321 308 3380 et
323 3315 491 3398 quaedam
507 3334 528 3380 a
543 3315 764 3382 validioribus
774 3321 914 3397 tractae,
930 3324 1120 3399 revertere3
1139 3336 1224 3400 quas
1234 3335 1311 3396 rap·

158 3419 222 3483 tim
246 3418 393 3484 refectas
416 3420 517 3501 misit,
545 3426 582 3485 ut
598 3425 830 3486 scrutarentur
846 3421 982 3485 insulas.
1006 3419 1146 3486 Collecti
1171 3440 1212 3486 ea
1228 3439 1312 3486 cura

159 3523 328 3606 plerique:
345 3525 467 3589 multos
483 3524 686 3606 Ampsivarii
702 3543 808 3604 nuper
819 3525 853 3588 in
863 3523 961 3589 fidem
973 3526 1104 3606 accepti
1120 3525 1312 3604 redemptos
1322 3539 1356 3593 15

159 3627 206 3694 ab
222 3628 442 3694 interioribus
467 3629 660 3708 reddidere;
684 3628 820 3711 quidam
851 3631 886 3693 in
917 3629 1127 3694 Britanniam
1157 3629 1246 3709 rapti
1278 3633 1312 3692 et

159 3737 293 3804 remissi
310 3753 330 3800 a
345 3734 478 3816 regulis
511 3733 553 3800 Ut
578 3735 652 3817 quis
678 3754 718 3799 ex
745 3735 925 3817 longinquo
942 3741 1131 3812 revenerat,
1147 3731 1312 3796 miracula

159 3841 360 3920 narrabant,
376 3839 443 3904 vim
459 3839 631 3904 turbinum
652 3845 684 3903 et
700 3839 872 3904 inauditas
889 3839 1053 3918 volucres
1069 3842 1221 3901 monstra
1237 3854 1311 3900 ma-

161 3946 219 4018 ris,
244 3943 418 4024 ambiguas
448 3943 622 4007 hominum
649 3949 681 4007 et
710 3942 885 4008 beluarum
911 3941 1046 4018 formae,
1070 3941 1143 4004 visa
1173 3939 1245 4005 sive
1269 3957 1311 4004 ex

160 4054 254 4114 metu
271 4047 407 4113 credita.
1322 4057 1358 4109 no
